Hugo Boss;Boss Alive;Eau de Parfum;CHF 83.90 / 30 ml;CHF 279.67 / 100 ml;
Lancôme;Sets;Duftset;CHF 46.90 / 1 pieces;CHF 46.90 / 1 pieces;CHF 63.90 / 1 pieces
DIOR;Miss Dior;Eau de Toilette;CHF 156.00 / 100 ml;CHF 156.00 / 100 ml;
Lancôme;Sets;Duftset;CHF 58.90 / 1 pieces;CHF 58.90 / 1 pieces;
Dolce&Gabbana;The Only One;Eau de Parfum;CHF 170.00 / 100 ml;CHF 170.00 / 100 ml;
Lancôme;La Nuit Trésor;Eau de Toilette;CHF 68.90 / 30 ml;CHF 229.67 / 100 ml;
Zadig & Voltaire;This is Her;Eau de Parfum;CHF 122.00 / 100 ml;CHF 122.00 / 100 ml;
Lancôme;La vie est belle;Eau de Parfum;CHF 89.90 / 75 ml;CHF 119.87 / 100 ml;CHF 157.00 / 75 ml
Yves Saint Laurent;Black Opium;Eau de Parfum;CHF 45.90 / 30 ml;CHF 153.00 / 100 ml;CHF 97.90 / 30 ml
Yves Saint Laurent;Libre;Eau de Parfum;CHF 56.90 / 30 ml;CHF 189.67 / 100 ml;CHF 97.90 / 30 ml
Armani;Sì;Eau de Parfum;CHF 83.90 / 100 ml;CHF 83.90 / 100 ml;CHF 163.00 / 100 ml
Lancôme;Idôle;Eau de Parfum;CHF 46.90 / 25 ml;CHF 187.60 / 100 ml;CHF 85.90 / 25 ml
DIOR;Poison;Eau de Toilette;CHF 54.90 / 30 ml;CHF 183.00 / 100 ml;
Lancôme;La Nuit Trésor;Eau de Parfum;CHF 100.00 / 75 ml;CHF 133.33 / 100 ml;CHF 157.00 / 75 ml
Chloé;Chloé;Eau de Parfum;CHF 53.90 / 50 ml;CHF 107.80 / 100 ml;CHF 129.00 / 50 ml
Tom Ford;Private Blend Düfte;Eau de Parfum;CHF 164.00 / 50 ml;CHF 328.00 / 100 ml;
BURBERRY;My Burberry;Eau de Parfum;CHF 105.00 / 50 ml;CHF 210.00 / 100 ml;
Rituals;Damen;Eau de Parfum;CHF 59.90 / 60 ml;CHF 99.83 / 100 ml;
Ariana Grande;Ari;Eau de Parfum;CHF 40.90 / 50 ml;CHF 81.80 / 100 ml;CHF 49.90 / 50 ml
Ariana Grande;Cloud;Eau de Parfum;CHF 39.90 / 30 ml;CHF 133.00 / 100 ml;
Tom Ford;Private Blend Düfte;Eau de Parfum;CHF 99.90 / 30 ml;CHF 333.00 / 100 ml;
Paco Rabanne;Lady Million;Eau de Parfum;CHF 42.90 / 30 ml;CHF 143.00 / 100 ml;CHF 77.90 / 30 ml
DIOR;J’adore;Eau de Parfum;CHF 124.00 / 50 ml;CHF 248.00 / 100 ml;
Shirin David;Shirin David;Eau de Parfum;CHF 24.90 / 30 ml;CHF 83.00 / 100 ml;
Valentino;Born In Roma Donna;Eau de Parfum;CHF 67.90 / 30 ml;CHF 226.33 / 100 ml;CHF 92.90 / 30 ml
Hugo Boss;Das Duft-Trio;Eau de Parfum;CHF 47.90 / 75 ml;CHF 63.87 / 100 ml;CHF 126.00 / 75 ml
Hugo Boss;The Scent For Her;Eau de Parfum;CHF 84.90 / 30 ml;CHF 283.00 / 100 ml;
Carolina Herrera;Good Girl;Eau de Parfum;CHF 69.90 / 50 ml;CHF 139.80 / 100 ml;
Armani;Code Femme;Eau de Parfum;CHF 52.90 / 30 ml;CHF 176.33 / 100 ml;CHF 80.90 / 30 ml
Ariana Grande;Sweet Like Candy;Eau de Parfum;CHF 47.90 / 100 ml;CHF 47.90 / 100 ml;CHF 59.90 / 100 ml
Hugo Boss;Das Duft-Trio;Eau de Parfum;CHF 44.90 / 50 ml;CHF 89.80 / 100 ml;CHF 102.00 / 50 ml
Armani;Emporio Armani;Eau de Parfum;CHF 69.90 / 50 ml;CHF 139.80 / 100 ml;CHF 95.90 / 50 ml
Armani;Acqua di Gioia;Eau de Parfum;CHF 66.90 / 100 ml;CHF 66.90 / 100 ml;CHF 130.00 / 100 ml
Jil Sander;Sun;Eau de Toilette;CHF 29.90 / 75 ml;CHF 39.87 / 100 ml;CHF 60.90 / 75 ml
Armani;Sì;Eau de Parfum;CHF 94.90 / 50 ml;CHF 189.80 / 100 ml;CHF 129.00 / 50 ml
Yves Saint Laurent;Black Opium;Eau de Parfum;CHF 94.90 / 30 ml;CHF 316.33 / 100 ml;
Lancaster;Bath & Hair;Eau de Toilette;CHF 35.90 / 50 ml;CHF 71.80 / 100 ml;CHF 40.90 / 50 ml
BURBERRY;Burberry Her;Eau de Parfum;CHF 84.90 / 50 ml;CHF 169.80 / 100 ml;CHF 110.00 / 50 ml
Ariana Grande;Moonlight;Eau de Parfum;CHF 47.90 / 50 ml;CHF 95.80 / 100 ml;
Tom Ford;Private Blend Düfte;Eau de Parfum;CHF 486.00 / 100 ml;CHF 486.00 / 100 ml;
Guerlain;Mon Guerlain;Eau de Parfum;CHF 72.90 / 30 ml;CHF 243.00 / 100 ml;
Michael Kors;Damendüfte;Eau de Parfum;CHF 92.90 / 50 ml;CHF 185.80 / 100 ml;CHF 96.90 / 50 ml
Michael Kors;Damendüfte;Eau de Parfum;CHF 60.90 / 100 ml;CHF 60.90 / 100 ml;CHF 132.00 / 100 ml
Tom Ford;Private Blend Düfte;Eau de Parfum;CHF 191.00 / 50 ml;CHF 382.00 / 100 ml;
Tom Ford;Damen Signature Düfte;Eau de Parfum;CHF 78.90 / 50 ml;CHF 157.80 / 100 ml;
BVLGARI;Eau Parfumée au thé blanc;Eau de Cologne;CHF 89.90 / 75 ml;CHF 119.87 / 100 ml;
Jean Paul Gaultier;La Belle;Eau de Parfum;CHF 161.00 / 100 ml;CHF 161.00 / 100 ml;
Armani;Sì;Eau de Parfum;CHF 42.90 / 30 ml;CHF 143.00 / 100 ml;CHF 86.90 / 30 ml
Hugo Boss;Boss Alive;Eau de Parfum;CHF 83.90 / 30 ml;CHF 279.67 / 100 ml;
Lancôme;Sets;Duftset;CHF 46.90 / 1 pieces;CHF 46.90 / 1 pieces;CHF 63.90 / 1 pieces
DIOR;Miss Dior;Eau de Toilette;CHF 156.00 / 100 ml;CHF 156.00 / 100 ml;
Lancôme;Sets;Duftset;CHF 58.90 / 1 pieces;CHF 58.90 / 1 pieces;
Dolce&Gabbana;The Only One;Eau de Parfum;CHF 170.00 / 100 ml;CHF 170.00 / 100 ml;
Lancôme;La Nuit Trésor;Eau de Toilette;CHF 68.90 / 30 ml;CHF 229.67 / 100 ml;
Zadig & Voltaire;This is Her;Eau de Parfum;CHF 122.00 / 100 ml;CHF 122.00 / 100 ml;
Lancôme;La vie est belle;Eau de Parfum;CHF 89.90 / 75 ml;CHF 119.87 / 100 ml;CHF 157.00 / 75 ml
Yves Saint Laurent;Black Opium;Eau de Parfum;CHF 45.90 / 30 ml;CHF 153.00 / 100 ml;CHF 97.90 / 30 ml
Yves Saint Laurent;Libre;Eau de Parfum;CHF 56.90 / 30 ml;CHF 189.67 / 100 ml;CHF 97.90 / 30 ml
Armani;Sì;Eau de Parfum;CHF 83.90 / 100 ml;CHF 83.90 / 100 ml;CHF 163.00 / 100 ml
Lancôme;Idôle;Eau de Parfum;CHF 46.90 / 25 ml;CHF 187.60 / 100 ml;CHF 85.90 / 25 ml
DIOR;Poison;Eau de Toilette;CHF 54.90 / 30 ml;CHF 183.00 / 100 ml;
Lancôme;La Nuit Trésor;Eau de Parfum;CHF 100.00 / 75 ml;CHF 133.33 / 100 ml;CHF 157.00 / 75 ml
Chloé;Chloé;Eau de Parfum;CHF 53.90 / 50 ml;CHF 107.80 / 100 ml;CHF 129.00 / 50 ml
Tom Ford;Private Blend Düfte;Eau de Parfum;CHF 164.00 / 50 ml;CHF 328.00 / 100 ml;
BURBERRY;My Burberry;Eau de Parfum;CHF 105.00 / 50 ml;CHF 210.00 / 100 ml;
Rituals;Damen;Eau de Parfum;CHF 59.90 / 60 ml;CHF 99.83 / 100 ml;
Ariana Grande;Ari;Eau de Parfum;CHF 40.90 / 50 ml;CHF 81.80 / 100 ml;CHF 49.90 / 50 ml
Ariana Grande;Cloud;Eau de Parfum;CHF 39.90 / 30 ml;CHF 133.00 / 100 ml;
Tom Ford;Private Blend Düfte;Eau de Parfum;CHF 99.90 / 30 ml;CHF 333.00 / 100 ml;
Paco Rabanne;Lady Million;Eau de Parfum;CHF 42.90 / 30 ml;CHF 143.00 / 100 ml;CHF 77.90 / 30 ml
DIOR;J’adore;Eau de Parfum;CHF 124.00 / 50 ml;CHF 248.00 / 100 ml;
Shirin David;Shirin David;Eau de Parfum;CHF 24.90 / 30 ml;CHF 83.00 / 100 ml;
Valentino;Born In Roma Donna;Eau de Parfum;CHF 67.90 / 30 ml;CHF 226.33 / 100 ml;CHF 92.90 / 30 ml
Hugo Boss;Das Duft-Trio;Eau de Parfum;CHF 47.90 / 75 ml;CHF 63.87 / 100 ml;CHF 126.00 / 75 ml
Hugo Boss;The Scent For Her;Eau de Parfum;CHF 84.90 / 30 ml;CHF 283.00 / 100 ml;
Carolina Herrera;Good Girl;Eau de Parfum;CHF 69.90 / 50 ml;CHF 139.80 / 100 ml;
Armani;Code Femme;Eau de Parfum;CHF 52.90 / 30 ml;CHF 176.33 / 100 ml;CHF 80.90 / 30 ml
Ariana Grande;Sweet Like Candy;Eau de Parfum;CHF 47.90 / 100 ml;CHF 47.90 / 100 ml;CHF 59.90 / 100 ml
Hugo Boss;Das Duft-Trio;Eau de Parfum;CHF 44.90 / 50 ml;CHF 89.80 / 100 ml;CHF 102.00 / 50 ml
Armani;Emporio Armani;Eau de Parfum;CHF 69.90 / 50 ml;CHF 139.80 / 100 ml;CHF 95.90 / 50 ml
Armani;Acqua di Gioia;Eau de Parfum;CHF 66.90 / 100 ml;CHF 66.90 / 100 ml;CHF 130.00 / 100 ml
Jil Sander;Sun;Eau de Toilette;CHF 29.90 / 75 ml;CHF 39.87 / 100 ml;CHF 60.90 / 75 ml
Armani;Sì;Eau de Parfum;CHF 94.90 / 50 ml;CHF 189.80 / 100 ml;CHF 129.00 / 50 ml
Yves Saint Laurent;Black Opium;Eau de Parfum;CHF 94.90 / 30 ml;CHF 316.33 / 100 ml;
Lancaster;Bath & Hair;Eau de Toilette;CHF 35.90 / 50 ml;CHF 71.80 / 100 ml;CHF 40.90 / 50 ml
BURBERRY;Burberry Her;Eau de Parfum;CHF 84.90 / 50 ml;CHF 169.80 / 100 ml;CHF 110.00 / 50 ml
Ariana Grande;Moonlight;Eau de Parfum;CHF 47.90 / 50 ml;CHF 95.80 / 100 ml;
Tom Ford;Private Blend Düfte;Eau de Parfum;CHF 486.00 / 100 ml;CHF 486.00 / 100 ml;
Guerlain;Mon Guerlain;Eau de Parfum;CHF 72.90 / 30 ml;CHF 243.00 / 100 ml;
Michael Kors;Damendüfte;Eau de Parfum;CHF 92.90 / 50 ml;CHF 185.80 / 100 ml;CHF 96.90 / 50 ml
Michael Kors;Damendüfte;Eau de Parfum;CHF 60.90 / 100 ml;CHF 60.90 / 100 ml;CHF 132.00 / 100 ml
Tom Ford;Private Blend Düfte;Eau de Parfum;CHF 191.00 / 50 ml;CHF 382.00 / 100 ml;
Tom Ford;Damen Signature Düfte;Eau de Parfum;CHF 78.90 / 50 ml;CHF 157.80 / 100 ml;
BVLGARI;Eau Parfumée au thé blanc;Eau de Cologne;CHF 89.90 / 75 ml;CHF 119.87 / 100 ml;
Jean Paul Gaultier;La Belle;Eau de Parfum;CHF 161.00 / 100 ml;CHF 161.00 / 100 ml;
Armani;Sì;Eau de Parfum;CHF 42.90 / 30 ml;CHF 143.00 / 100 ml;CHF 86.90 / 30 ml
Hugo Boss;Boss Alive;Eau de Parfum;CHF 83.90 / 30 ml;CHF 279.67 / 100 ml;
Lancôme;Sets;Duftset;CHF 46.90 / 1 pieces;CHF 46.90 / 1 pieces;CHF 63.90 / 1 pieces
DIOR;Miss Dior;Eau de Toilette;CHF 156.00 / 100 ml;CHF 156.00 / 100 ml;
Lancôme;Sets;Duftset;CHF 58.90 / 1 pieces;CHF 58.90 / 1 pieces;
Dolce&Gabbana;The Only One;Eau de Parfum;CHF 170.00 / 100 ml;CHF 170.00 / 100 ml;
Lancôme;La Nuit Trésor;Eau de Toilette;CHF 68.90 / 30 ml;CHF 229.67 / 100 ml;
Zadig & Voltaire;This is Her;Eau de Parfum;CHF 122.00 / 100 ml;CHF 122.00 / 100 ml;
Lancôme;La vie est belle;Eau de Parfum;CHF 89.90 / 75 ml;CHF 119.87 / 100 ml;CHF 157.00 / 75 ml
Yves Saint Laurent;Black Opium;Eau de Parfum;CHF 45.90 / 30 ml;CHF 153.00 / 100 ml;CHF 97.90 / 30 ml
Yves Saint Laurent;Libre;Eau de Parfum;CHF 56.90 / 30 ml;CHF 189.67 / 100 ml;CHF 97.90 / 30 ml
Armani;Sì;Eau de Parfum;CHF 83.90 / 100 ml;CHF 83.90 / 100 ml;CHF 163.00 / 100 ml
Lancôme;Idôle;Eau de Parfum;CHF 46.90 / 25 ml;CHF 187.60 / 100 ml;CHF 85.90 / 25 ml
DIOR;Poison;Eau de Toilette;CHF 54.90 / 30 ml;CHF 183.00 / 100 ml;
Lancôme;La Nuit Trésor;Eau de Parfum;CHF 100.00 / 75 ml;CHF 133.33 / 100 ml;CHF 157.00 / 75 ml
Chloé;Chloé;Eau de Parfum;CHF 53.90 / 50 ml;CHF 107.80 / 100 ml;CHF 129.00 / 50 ml
Tom Ford;Private Blend Düfte;Eau de Parfum;CHF 164.00 / 50 ml;CHF 328.00 / 100 ml;
BURBERRY;My Burberry;Eau de Parfum;CHF 105.00 / 50 ml;CHF 210.00 / 100 ml;
Rituals;Damen;Eau de Parfum;CHF 59.90 / 60 ml;CHF 99.83 / 100 ml;
Ariana Grande;Ari;Eau de Parfum;CHF 40.90 / 50 ml;CHF 81.80 / 100 ml;CHF 49.90 / 50 ml
Ariana Grande;Cloud;Eau de Parfum;CHF 39.90 / 30 ml;CHF 133.00 / 100 ml;
Tom Ford;Private Blend Düfte;Eau de Parfum;CHF 99.90 / 30 ml;CHF 333.00 / 100 ml;
Paco Rabanne;Lady Million;Eau de Parfum;CHF 42.90 / 30 ml;CHF 143.00 / 100 ml;CHF 77.90 / 30 ml
DIOR;J’adore;Eau de Parfum;CHF 124.00 / 50 ml;CHF 248.00 / 100 ml;
Shirin David;Shirin David;Eau de Parfum;CHF 24.90 / 30 ml;CHF 83.00 / 100 ml;
Valentino;Born In Roma Donna;Eau de Parfum;CHF 67.90 / 30 ml;CHF 226.33 / 100 ml;CHF 92.90 / 30 ml
Hugo Boss;Das Duft-Trio;Eau de Parfum;CHF 47.90 / 75 ml;CHF 63.87 / 100 ml;CHF 126.00 / 75 ml
Hugo Boss;The Scent For Her;Eau de Parfum;CHF 84.90 / 30 ml;CHF 283.00 / 100 ml;
Carolina Herrera;Good Girl;Eau de Parfum;CHF 69.90 / 50 ml;CHF 139.80 / 100 ml;
Armani;Code Femme;Eau de Parfum;CHF 52.90 / 30 ml;CHF 176.33 / 100 ml;CHF 80.90 / 30 ml
Ariana Grande;Sweet Like Candy;Eau de Parfum;CHF 47.90 / 100 ml;CHF 47.90 / 100 ml;CHF 59.90 / 100 ml
Hugo Boss;Das Duft-Trio;Eau de Parfum;CHF 44.90 / 50 ml;CHF 89.80 / 100 ml;CHF 102.00 / 50 ml
Armani;Emporio Armani;Eau de Parfum;CHF 69.90 / 50 ml;CHF 139.80 / 100 ml;CHF 95.90 / 50 ml
Armani;Acqua di Gioia;Eau de Parfum;CHF 66.90 / 100 ml;CHF 66.90 / 100 ml;CHF 130.00 / 100 ml
Jil Sander;Sun;Eau de Toilette;CHF 29.90 / 75 ml;CHF 39.87 / 100 ml;CHF 60.90 / 75 ml
Armani;Sì;Eau de Parfum;CHF 94.90 / 50 ml;CHF 189.80 / 100 ml;CHF 129.00 / 50 ml
Yves Saint Laurent;Black Opium;Eau de Parfum;CHF 94.90 / 30 ml;CHF 316.33 / 100 ml;
Lancaster;Bath & Hair;Eau de Toilette;CHF 35.90 / 50 ml;CHF 71.80 / 100 ml;CHF 40.90 / 50 ml
BURBERRY;Burberry Her;Eau de Parfum;CHF 84.90 / 50 ml;CHF 169.80 / 100 ml;CHF 110.00 / 50 ml
Ariana Grande;Moonlight;Eau de Parfum;CHF 47.90 / 50 ml;CHF 95.80 / 100 ml;
Tom Ford;Private Blend Düfte;Eau de Parfum;CHF 486.00 / 100 ml;CHF 486.00 / 100 ml;
Guerlain;Mon Guerlain;Eau de Parfum;CHF 72.90 / 30 ml;CHF 243.00 / 100 ml;
Michael Kors;Damendüfte;Eau de Parfum;CHF 92.90 / 50 ml;CHF 185.80 / 100 ml;CHF 96.90 / 50 ml
Michael Kors;Damendüfte;Eau de Parfum;CHF 60.90 / 100 ml;CHF 60.90 / 100 ml;CHF 132.00 / 100 ml
Tom Ford;Private Blend Düfte;Eau de Parfum;CHF 191.00 / 50 ml;CHF 382.00 / 100 ml;
Tom Ford;Damen Signature Düfte;Eau de Parfum;CHF 78.90 / 50 ml;CHF 157.80 / 100 ml;
BVLGARI;Eau Parfumée au thé blanc;Eau de Cologne;CHF 89.90 / 75 ml;CHF 119.87 / 100 ml;
Jean Paul Gaultier;La Belle;Eau de Parfum;CHF 161.00 / 100 ml;CHF 161.00 / 100 ml;
Armani;Sì;Eau de Parfum;CHF 42.90 / 30 ml;CHF 143.00 / 100 ml;CHF 86.90 / 30 ml
Hugo Boss;Boss Alive;Eau de Parfum;CHF 83.90 / 30 ml;CHF 279.67 / 100 ml;
Lancôme;Sets;Duftset;CHF 46.90 / 1 pieces;CHF 46.90 / 1 pieces;CHF 63.90 / 1 pieces
DIOR;Miss Dior;Eau de Toilette;CHF 156.00 / 100 ml;CHF 156.00 / 100 ml;
Lancôme;Sets;Duftset;CHF 58.90 / 1 pieces;CHF 58.90 / 1 pieces;
Dolce&Gabbana;The Only One;Eau de Parfum;CHF 170.00 / 100 ml;CHF 170.00 / 100 ml;
Lancôme;La Nuit Trésor;Eau de Toilette;CHF 68.90 / 30 ml;CHF 229.67 / 100 ml;
Zadig & Voltaire;This is Her;Eau de Parfum;CHF 122.00 / 100 ml;CHF 122.00 / 100 ml;
Lancôme;La vie est belle;Eau de Parfum;CHF 89.90 / 75 ml;CHF 119.87 / 100 ml;CHF 157.00 / 75 ml
Yves Saint Laurent;Black Opium;Eau de Parfum;CHF 45.90 / 30 ml;CHF 153.00 / 100 ml;CHF 97.90 / 30 ml
Yves Saint Laurent;Libre;Eau de Parfum;CHF 56.90 / 30 ml;CHF 189.67 / 100 ml;CHF 97.90 / 30 ml
Armani;Sì;Eau de Parfum;CHF 83.90 / 100 ml;CHF 83.90 / 100 ml;CHF 163.00 / 100 ml
Lancôme;Idôle;Eau de Parfum;CHF 46.90 / 25 ml;CHF 187.60 / 100 ml;CHF 85.90 / 25 ml
DIOR;Poison;Eau de Toilette;CHF 54.90 / 30 ml;CHF 183.00 / 100 ml;
Lancôme;La Nuit Trésor;Eau de Parfum;CHF 100.00 / 75 ml;CHF 133.33 / 100 ml;CHF 157.00 / 75 ml
Chloé;Chloé;Eau de Parfum;CHF 53.90 / 50 ml;CHF 107.80 / 100 ml;CHF 129.00 / 50 ml
Tom Ford;Private Blend Düfte;Eau de Parfum;CHF 164.00 / 50 ml;CHF 328.00 / 100 ml;
BURBERRY;My Burberry;Eau de Parfum;CHF 105.00 / 50 ml;CHF 210.00 / 100 ml;
Rituals;Damen;Eau de Parfum;CHF 59.90 / 60 ml;CHF 99.83 / 100 ml;
Ariana Grande;Ari;Eau de Parfum;CHF 40.90 / 50 ml;CHF 81.80 / 100 ml;CHF 49.90 / 50 ml
Ariana Grande;Cloud;Eau de Parfum;CHF 39.90 / 30 ml;CHF 133.00 / 100 ml;
Tom Ford;Private Blend Düfte;Eau de Parfum;CHF 99.90 / 30 ml;CHF 333.00 / 100 ml;
Paco Rabanne;Lady Million;Eau de Parfum;CHF 42.90 / 30 ml;CHF 143.00 / 100 ml;CHF 77.90 / 30 ml
DIOR;J’adore;Eau de Parfum;CHF 124.00 / 50 ml;CHF 248.00 / 100 ml;
Shirin David;Shirin David;Eau de Parfum;CHF 24.90 / 30 ml;CHF 83.00 / 100 ml;
Valentino;Born In Roma Donna;Eau de Parfum;CHF 67.90 / 30 ml;CHF 226.33 / 100 ml;CHF 92.90 / 30 ml
Hugo Boss;Das Duft-Trio;Eau de Parfum;CHF 47.90 / 75 ml;CHF 63.87 / 100 ml;CHF 126.00 / 75 ml
Hugo Boss;The Scent For Her;Eau de Parfum;CHF 84.90 / 30 ml;CHF 283.00 / 100 ml;
Carolina Herrera;Good Girl;Eau de Parfum;CHF 69.90 / 50 ml;CHF 139.80 / 100 ml;
Armani;Code Femme;Eau de Parfum;CHF 52.90 / 30 ml;CHF 176.33 / 100 ml;CHF 80.90 / 30 ml
Ariana Grande;Sweet Like Candy;Eau de Parfum;CHF 47.90 / 100 ml;CHF 47.90 / 100 ml;CHF 59.90 / 100 ml
Hugo Boss;Das Duft-Trio;Eau de Parfum;CHF 44.90 / 50 ml;CHF 89.80 / 100 ml;CHF 102.00 / 50 ml
Armani;Emporio Armani;Eau de Parfum;CHF 69.90 / 50 ml;CHF 139.80 / 100 ml;CHF 95.90 / 50 ml
Armani;Acqua di Gioia;Eau de Parfum;CHF 66.90 / 100 ml;CHF 66.90 / 100 ml;CHF 130.00 / 100 ml
Jil Sander;Sun;Eau de Toilette;CHF 29.90 / 75 ml;CHF 39.87 / 100 ml;CHF 60.90 / 75 ml
Armani;Sì;Eau de Parfum;CHF 94.90 / 50 ml;CHF 189.80 / 100 ml;CHF 129.00 / 50 ml
Yves Saint Laurent;Black Opium;Eau de Parfum;CHF 94.90 / 30 ml;CHF 316.33 / 100 ml;
Lancaster;Bath & Hair;Eau de Toilette;CHF 35.90 / 50 ml;CHF 71.80 / 100 ml;CHF 40.90 / 50 ml
BURBERRY;Burberry Her;Eau de Parfum;CHF 84.90 / 50 ml;CHF 169.80 / 100 ml;CHF 110.00 / 50 ml
Ariana Grande;Moonlight;Eau de Parfum;CHF 47.90 / 50 ml;CHF 95.80 / 100 ml;
Tom Ford;Private Blend Düfte;Eau de Parfum;CHF 486.00 / 100 ml;CHF 486.00 / 100 ml;
Guerlain;Mon Guerlain;Eau de Parfum;CHF 72.90 / 30 ml;CHF 243.00 / 100 ml;
Michael Kors;Damendüfte;Eau de Parfum;CHF 92.90 / 50 ml;CHF 185.80 / 100 ml;CHF 96.90 / 50 ml
Michael Kors;Damendüfte;Eau de Parfum;CHF 60.90 / 100 ml;CHF 60.90 / 100 ml;CHF 132.00 / 100 ml
Tom Ford;Private Blend Düfte;Eau de Parfum;CHF 191.00 / 50 ml;CHF 382.00 / 100 ml;
Tom Ford;Damen Signature Düfte;Eau de Parfum;CHF 78.90 / 50 ml;CHF 157.80 / 100 ml;
BVLGARI;Eau Parfumée au thé blanc;Eau de Cologne;CHF 89.90 / 75 ml;CHF 119.87 / 100 ml;
Jean Paul Gaultier;La Belle;Eau de Parfum;CHF 161.00 / 100 ml;CHF 161.00 / 100 ml;
Armani;Sì;Eau de Parfum;CHF 42.90 / 30 ml;CHF 143.00 / 100 ml;CHF 86.90 / 30 ml
Hugo Boss;Boss Alive;Eau de Parfum;CHF 83.90 / 30 ml;CHF 279.67 / 100 ml;
Lancôme;Sets;Duftset;CHF 46.90 / 1 pieces;CHF 46.90 / 1 pieces;CHF 63.90 / 1 pieces
DIOR;Miss Dior;Eau de Toilette;CHF 156.00 / 100 ml;CHF 156.00 / 100 ml;
Lancôme;Sets;Duftset;CHF 58.90 / 1 pieces;CHF 58.90 / 1 pieces;
Dolce&Gabbana;The Only One;Eau de Parfum;CHF 170.00 / 100 ml;CHF 170.00 / 100 ml;
Lancôme;La Nuit Trésor;Eau de Toilette;CHF 68.90 / 30 ml;CHF 229.67 / 100 ml;
Zadig & Voltaire;This is Her;Eau de Parfum;CHF 122.00 / 100 ml;CHF 122.00 / 100 ml;
Lancôme;La vie est belle;Eau de Parfum;CHF 89.90 / 75 ml;CHF 119.87 / 100 ml;CHF 157.00 / 75 ml
Yves Saint Laurent;Black Opium;Eau de Parfum;CHF 45.90 / 30 ml;CHF 153.00 / 100 ml;CHF 97.90 / 30 ml
Yves Saint Laurent;Libre;Eau de Parfum;CHF 56.90 / 30 ml;CHF 189.67 / 100 ml;CHF 97.90 / 30 ml
Armani;Sì;Eau de Parfum;CHF 83.90 / 100 ml;CHF 83.90 / 100 ml;CHF 163.00 / 100 ml
Lancôme;Idôle;Eau de Parfum;CHF 46.90 / 25 ml;CHF 187.60 / 100 ml;CHF 85.90 / 25 ml
DIOR;Poison;Eau de Toilette;CHF 54.90 / 30 ml;CHF 183.00 / 100 ml;
Lancôme;La Nuit Trésor;Eau de Parfum;CHF 100.00 / 75 ml;CHF 133.33 / 100 ml;CHF 157.00 / 75 ml
Chloé;Chloé;Eau de Parfum;CHF 53.90 / 50 ml;CHF 107.80 / 100 ml;CHF 129.00 / 50 ml
Tom Ford;Private Blend Düfte;Eau de Parfum;CHF 164.00 / 50 ml;CHF 328.00 / 100 ml;
BURBERRY;My Burberry;Eau de Parfum;CHF 105.00 / 50 ml;CHF 210.00 / 100 ml;
Rituals;Damen;Eau de Parfum;CHF 59.90 / 60 ml;CHF 99.83 / 100 ml;
Ariana Grande;Ari;Eau de Parfum;CHF 40.90 / 50 ml;CHF 81.80 / 100 ml;CHF 49.90 / 50 ml
Ariana Grande;Cloud;Eau de Parfum;CHF 39.90 / 30 ml;CHF 133.00 / 100 ml;
Tom Ford;Private Blend Düfte;Eau de Parfum;CHF 99.90 / 30 ml;CHF 333.00 / 100 ml;
Paco Rabanne;Lady Million;Eau de Parfum;CHF 42.90 / 30 ml;CHF 143.00 / 100 ml;CHF 77.90 / 30 ml
DIOR;J’adore;Eau de Parfum;CHF 124.00 / 50 ml;CHF 248.00 / 100 ml;
Shirin David;Shirin David;Eau de Parfum;CHF 24.90 / 30 ml;CHF 83.00 / 100 ml;
Valentino;Born In Roma Donna;Eau de Parfum;CHF 67.90 / 30 ml;CHF 226.33 / 100 ml;CHF 92.90 / 30 ml
Hugo Boss;Das Duft-Trio;Eau de Parfum;CHF 47.90 / 75 ml;CHF 63.87 / 100 ml;CHF 126.00 / 75 ml
Hugo Boss;The Scent For Her;Eau de Parfum;CHF 84.90 / 30 ml;CHF 283.00 / 100 ml;
Carolina Herrera;Good Girl;Eau de Parfum;CHF 69.90 / 50 ml;CHF 139.80 / 100 ml;
Armani;Code Femme;Eau de Parfum;CHF 52.90 / 30 ml;CHF 176.33 / 100 ml;CHF 80.90 / 30 ml
Ariana Grande;Sweet Like Candy;Eau de Parfum;CHF 47.90 / 100 ml;CHF 47.90 / 100 ml;CHF 59.90 / 100 ml
Hugo Boss;Das Duft-Trio;Eau de Parfum;CHF 44.90 / 50 ml;CHF 89.80 / 100 ml;CHF 102.00 / 50 ml
Armani;Emporio Armani;Eau de Parfum;CHF 69.90 / 50 ml;CHF 139.80 / 100 ml;CHF 95.90 / 50 ml
Armani;Acqua di Gioia;Eau de Parfum;CHF 66.90 / 100 ml;CHF 66.90 / 100 ml;CHF 130.00 / 100 ml
Jil Sander;Sun;Eau de Toilette;CHF 29.90 / 75 ml;CHF 39.87 / 100 ml;CHF 60.90 / 75 ml
Armani;Sì;Eau de Parfum;CHF 94.90 / 50 ml;CHF 189.80 / 100 ml;CHF 129.00 / 50 ml
Yves Saint Laurent;Black Opium;Eau de Parfum;CHF 94.90 / 30 ml;CHF 316.33 / 100 ml;
Lancaster;Bath & Hair;Eau de Toilette;CHF 35.90 / 50 ml;CHF 71.80 / 100 ml;CHF 40.90 / 50 ml
BURBERRY;Burberry Her;Eau de Parfum;CHF 84.90 / 50 ml;CHF 169.80 / 100 ml;CHF 110.00 / 50 ml
Ariana Grande;Moonlight;Eau de Parfum;CHF 47.90 / 50 ml;CHF 95.80 / 100 ml;
Tom Ford;Private Blend Düfte;Eau de Parfum;CHF 486.00 / 100 ml;CHF 486.00 / 100 ml;
Guerlain;Mon Guerlain;Eau de Parfum;CHF 72.90 / 30 ml;CHF 243.00 / 100 ml;
Michael Kors;Damendüfte;Eau de Parfum;CHF 92.90 / 50 ml;CHF 185.80 / 100 ml;CHF 96.90 / 50 ml
Michael Kors;Damendüfte;Eau de Parfum;CHF 60.90 / 100 ml;CHF 60.90 / 100 ml;CHF 132.00 / 100 ml
Tom Ford;Private Blend Düfte;Eau de Parfum;CHF 191.00 / 50 ml;CHF 382.00 / 100 ml;
Tom Ford;Damen Signature Düfte;Eau de Parfum;CHF 78.90 / 50 ml;CHF 157.80 / 100 ml;
BVLGARI;Eau Parfumée au thé blanc;Eau de Cologne;CHF 89.90 / 75 ml;CHF 119.87 / 100 ml;
Jean Paul Gaultier;La Belle;Eau de Parfum;CHF 161.00 / 100 ml;CHF 161.00 / 100 ml;
Armani;Sì;Eau de Parfum;CHF 42.90 / 30 ml;CHF 143.00 / 100 ml;CHF 86.90 / 30 ml
Hugo Boss;Boss Alive;Eau de Parfum;CHF 83.90 / 30 ml;CHF 279.67 / 100 ml;
Lancôme;Sets;Duftset;CHF 46.90 / 1 pieces;CHF 46.90 / 1 pieces;CHF 63.90 / 1 pieces
DIOR;Miss Dior;Eau de Toilette;CHF 156.00 / 100 ml;CHF 156.00 / 100 ml;
Lancôme;Sets;Duftset;CHF 58.90 / 1 pieces;CHF 58.90 / 1 pieces;
Dolce&Gabbana;The Only One;Eau de Parfum;CHF 170.00 / 100 ml;CHF 170.00 / 100 ml;
Lancôme;La Nuit Trésor;Eau de Toilette;CHF 68.90 / 30 ml;CHF 229.67 / 100 ml;
Zadig & Voltaire;This is Her;Eau de Parfum;CHF 122.00 / 100 ml;CHF 122.00 / 100 ml;
Lancôme;La vie est belle;Eau de Parfum;CHF 89.90 / 75 ml;CHF 119.87 / 100 ml;CHF 157.00 / 75 ml
Yves Saint Laurent;Black Opium;Eau de Parfum;CHF 45.90 / 30 ml;CHF 153.00 / 100 ml;CHF 97.90 / 30 ml
Yves Saint Laurent;Libre;Eau de Parfum;CHF 56.90 / 30 ml;CHF 189.67 / 100 ml;CHF 97.90 / 30 ml
Armani;Sì;Eau de Parfum;CHF 83.90 / 100 ml;CHF 83.90 / 100 ml;CHF 163.00 / 100 ml
Lancôme;Idôle;Eau de Parfum;CHF 46.90 / 25 ml;CHF 187.60 / 100 ml;CHF 85.90 / 25 ml
DIOR;Poison;Eau de Toilette;CHF 54.90 / 30 ml;CHF 183.00 / 100 ml;
Lancôme;La Nuit Trésor;Eau de Parfum;CHF 100.00 / 75 ml;CHF 133.33 / 100 ml;CHF 157.00 / 75 ml
Chloé;Chloé;Eau de Parfum;CHF 53.90 / 50 ml;CHF 107.80 / 100 ml;CHF 129.00 / 50 ml
Tom Ford;Private Blend Düfte;Eau de Parfum;CHF 164.00 / 50 ml;CHF 328.00 / 100 ml;
BURBERRY;My Burberry;Eau de Parfum;CHF 105.00 / 50 ml;CHF 210.00 / 100 ml;
Rituals;Damen;Eau de Parfum;CHF 59.90 / 60 ml;CHF 99.83 / 100 ml;
Ariana Grande;Ari;Eau de Parfum;CHF 40.90 / 50 ml;CHF 81.80 / 100 ml;CHF 49.90 / 50 ml
Ariana Grande;Cloud;Eau de Parfum;CHF 39.90 / 30 ml;CHF 133.00 / 100 ml;
Tom Ford;Private Blend Düfte;Eau de Parfum;CHF 99.90 / 30 ml;CHF 333.00 / 100 ml;
Paco Rabanne;Lady Million;Eau de Parfum;CHF 42.90 / 30 ml;CHF 143.00 / 100 ml;CHF 77.90 / 30 ml
DIOR;J’adore;Eau de Parfum;CHF 124.00 / 50 ml;CHF 248.00 / 100 ml;
Shirin David;Shirin David;Eau de Parfum;CHF 24.90 / 30 ml;CHF 83.00 / 100 ml;
Valentino;Born In Roma Donna;Eau de Parfum;CHF 67.90 / 30 ml;CHF 226.33 / 100 ml;CHF 92.90 / 30 ml
Hugo Boss;Das Duft-Trio;Eau de Parfum;CHF 47.90 / 75 ml;CHF 63.87 / 100 ml;CHF 126.00 / 75 ml
Hugo Boss;The Scent For Her;Eau de Parfum;CHF 84.90 / 30 ml;CHF 283.00 / 100 ml;
Carolina Herrera;Good Girl;Eau de Parfum;CHF 69.90 / 50 ml;CHF 139.80 / 100 ml;
Armani;Code Femme;Eau de Parfum;CHF 52.90 / 30 ml;CHF 176.33 / 100 ml;CHF 80.90 / 30 ml
Ariana Grande;Sweet Like Candy;Eau de Parfum;CHF 47.90 / 100 ml;CHF 47.90 / 100 ml;CHF 59.90 / 100 ml
Hugo Boss;Das Duft-Trio;Eau de Parfum;CHF 44.90 / 50 ml;CHF 89.80 / 100 ml;CHF 102.00 / 50 ml
Armani;Emporio Armani;Eau de Parfum;CHF 69.90 / 50 ml;CHF 139.80 / 100 ml;CHF 95.90 / 50 ml
Armani;Acqua di Gioia;Eau de Parfum;CHF 66.90 / 100 ml;CHF 66.90 / 100 ml;CHF 130.00 / 100 ml
Jil Sander;Sun;Eau de Toilette;CHF 29.90 / 75 ml;CHF 39.87 / 100 ml;CHF 60.90 / 75 ml
Armani;Sì;Eau de Parfum;CHF 94.90 / 50 ml;CHF 189.80 / 100 ml;CHF 129.00 / 50 ml
Yves Saint Laurent;Black Opium;Eau de Parfum;CHF 94.90 / 30 ml;CHF 316.33 / 100 ml;
Lancaster;Bath & Hair;Eau de Toilette;CHF 35.90 / 50 ml;CHF 71.80 / 100 ml;CHF 40.90 / 50 ml
BURBERRY;Burberry Her;Eau de Parfum;CHF 84.90 / 50 ml;CHF 169.80 / 100 ml;CHF 110.00 / 50 ml
Ariana Grande;Moonlight;Eau de Parfum;CHF 47.90 / 50 ml;CHF 95.80 / 100 ml;
Tom Ford;Private Blend Düfte;Eau de Parfum;CHF 486.00 / 100 ml;CHF 486.00 / 100 ml;
Guerlain;Mon Guerlain;Eau de Parfum;CHF 72.90 / 30 ml;CHF 243.00 / 100 ml;
Michael Kors;Damendüfte;Eau de Parfum;CHF 92.90 / 50 ml;CHF 185.80 / 100 ml;CHF 96.90 / 50 ml
Michael Kors;Damendüfte;Eau de Parfum;CHF 60.90 / 100 ml;CHF 60.90 / 100 ml;CHF 132.00 / 100 ml
Tom Ford;Private Blend Düfte;Eau de Parfum;CHF 191.00 / 50 ml;CHF 382.00 / 100 ml;
Tom Ford;Damen Signature Düfte;Eau de Parfum;CHF 78.90 / 50 ml;CHF 157.80 / 100 ml;
BVLGARI;Eau Parfumée au thé blanc;Eau de Cologne;CHF 89.90 / 75 ml;CHF 119.87 / 100 ml;
Jean Paul Gaultier;La Belle;Eau de Parfum;CHF 161.00 / 100 ml;CHF 161.00 / 100 ml;
Armani;Sì;Eau de Parfum;CHF 42.90 / 30 ml;CHF 143.00 / 100 ml;CHF 86.90 / 30 ml
Hugo Boss;Boss Alive;Eau de Parfum;CHF 83.90 / 30 ml;CHF 279.67 / 100 ml;
Lancôme;Sets;Duftset;CHF 46.90 / 1 pieces;CHF 46.90 / 1 pieces;CHF 63.90 / 1 pieces
DIOR;Miss Dior;Eau de Toilette;CHF 156.00 / 100 ml;CHF 156.00 / 100 ml;
Lancôme;Sets;Duftset;CHF 58.90 / 1 pieces;CHF 58.90 / 1 pieces;
Dolce&Gabbana;The Only One;Eau de Parfum;CHF 170.00 / 100 ml;CHF 170.00 / 100 ml;
Lancôme;La Nuit Trésor;Eau de Toilette;CHF 68.90 / 30 ml;CHF 229.67 / 100 ml;
Zadig & Voltaire;This is Her;Eau de Parfum;CHF 122.00 / 100 ml;CHF 122.00 / 100 ml;
Lancôme;La vie est belle;Eau de Parfum;CHF 89.90 / 75 ml;CHF 119.87 / 100 ml;CHF 157.00 / 75 ml
Yves Saint Laurent;Black Opium;Eau de Parfum;CHF 45.90 / 30 ml;CHF 153.00 / 100 ml;CHF 97.90 / 30 ml
Yves Saint Laurent;Libre;Eau de Parfum;CHF 56.90 / 30 ml;CHF 189.67 / 100 ml;CHF 97.90 / 30 ml
Armani;Sì;Eau de Parfum;CHF 83.90 / 100 ml;CHF 83.90 / 100 ml;CHF 163.00 / 100 ml
Lancôme;Idôle;Eau de Parfum;CHF 46.90 / 25 ml;CHF 187.60 / 100 ml;CHF 85.90 / 25 ml
DIOR;Poison;Eau de Toilette;CHF 54.90 / 30 ml;CHF 183.00 / 100 ml;
Lancôme;La Nuit Trésor;Eau de Parfum;CHF 100.00 / 75 ml;CHF 133.33 / 100 ml;CHF 157.00 / 75 ml
Chloé;Chloé;Eau de Parfum;CHF 53.90 / 50 ml;CHF 107.80 / 100 ml;CHF 129.00 / 50 ml
Tom Ford;Private Blend Düfte;Eau de Parfum;CHF 164.00 / 50 ml;CHF 328.00 / 100 ml;
BURBERRY;My Burberry;Eau de Parfum;CHF 105.00 / 50 ml;CHF 210.00 / 100 ml;
Rituals;Damen;Eau de Parfum;CHF 59.90 / 60 ml;CHF 99.83 / 100 ml;
Ariana Grande;Ari;Eau de Parfum;CHF 40.90 / 50 ml;CHF 81.80 / 100 ml;CHF 49.90 / 50 ml
Ariana Grande;Cloud;Eau de Parfum;CHF 39.90 / 30 ml;CHF 133.00 / 100 ml;
Tom Ford;Private Blend Düfte;Eau de Parfum;CHF 99.90 / 30 ml;CHF 333.00 / 100 ml;
Paco Rabanne;Lady Million;Eau de Parfum;CHF 42.90 / 30 ml;CHF 143.00 / 100 ml;CHF 77.90 / 30 ml
DIOR;J’adore;Eau de Parfum;CHF 124.00 / 50 ml;CHF 248.00 / 100 ml;
Shirin David;Shirin David;Eau de Parfum;CHF 24.90 / 30 ml;CHF 83.00 / 100 ml;
Valentino;Born In Roma Donna;Eau de Parfum;CHF 67.90 / 30 ml;CHF 226.33 / 100 ml;CHF 92.90 / 30 ml
Hugo Boss;Das Duft-Trio;Eau de Parfum;CHF 47.90 / 75 ml;CHF 63.87 / 100 ml;CHF 126.00 / 75 ml
Hugo Boss;The Scent For Her;Eau de Parfum;CHF 84.90 / 30 ml;CHF 283.00 / 100 ml;
Carolina Herrera;Good Girl;Eau de Parfum;CHF 69.90 / 50 ml;CHF 139.80 / 100 ml;
Armani;Code Femme;Eau de Parfum;CHF 52.90 / 30 ml;CHF 176.33 / 100 ml;CHF 80.90 / 30 ml
Ariana Grande;Sweet Like Candy;Eau de Parfum;CHF 47.90 / 100 ml;CHF 47.90 / 100 ml;CHF 59.90 / 100 ml
Hugo Boss;Das Duft-Trio;Eau de Parfum;CHF 44.90 / 50 ml;CHF 89.80 / 100 ml;CHF 102.00 / 50 ml
Armani;Emporio Armani;Eau de Parfum;CHF 69.90 / 50 ml;CHF 139.80 / 100 ml;CHF 95.90 / 50 ml
Armani;Acqua di Gioia;Eau de Parfum;CHF 66.90 / 100 ml;CHF 66.90 / 100 ml;CHF 130.00 / 100 ml
Jil Sander;Sun;Eau de Toilette;CHF 29.90 / 75 ml;CHF 39.87 / 100 ml;CHF 60.90 / 75 ml
Armani;Sì;Eau de Parfum;CHF 94.90 / 50 ml;CHF 189.80 / 100 ml;CHF 129.00 / 50 ml
Yves Saint Laurent;Black Opium;Eau de Parfum;CHF 94.90 / 30 ml;CHF 316.33 / 100 ml;
Lancaster;Bath & Hair;Eau de Toilette;CHF 35.90 / 50 ml;CHF 71.80 / 100 ml;CHF 40.90 / 50 ml
BURBERRY;Burberry Her;Eau de Parfum;CHF 84.90 / 50 ml;CHF 169.80 / 100 ml;CHF 110.00 / 50 ml
Ariana Grande;Moonlight;Eau de Parfum;CHF 47.90 / 50 ml;CHF 95.80 / 100 ml;
Tom Ford;Private Blend Düfte;Eau de Parfum;CHF 486.00 / 100 ml;CHF 486.00 / 100 ml;
Guerlain;Mon Guerlain;Eau de Parfum;CHF 72.90 / 30 ml;CHF 243.00 / 100 ml;
Michael Kors;Damendüfte;Eau de Parfum;CHF 92.90 / 50 ml;CHF 185.80 / 100 ml;CHF 96.90 / 50 ml
Michael Kors;Damendüfte;Eau de Parfum;CHF 60.90 / 100 ml;CHF 60.90 / 100 ml;CHF 132.00 / 100 ml
Tom Ford;Private Blend Düfte;Eau de Parfum;CHF 191.00 / 50 ml;CHF 382.00 / 100 ml;
Tom Ford;Damen Signature Düfte;Eau de Parfum;CHF 78.90 / 50 ml;CHF 157.80 / 100 ml;
BVLGARI;Eau Parfumée au thé blanc;Eau de Cologne;CHF 89.90 / 75 ml;CHF 119.87 / 100 ml;
Jean Paul Gaultier;La Belle;Eau de Parfum;CHF 161.00 / 100 ml;CHF 161.00 / 100 ml;
Armani;Sì;Eau de Parfum;CHF 42.90 / 30 ml;CHF 143.00 / 100 ml;CHF 86.90 / 30 ml
Hugo Boss;Boss Alive;Eau de Parfum;CHF 83.90 / 30 ml;CHF 279.67 / 100 ml;
Lancôme;Sets;Duftset;CHF 46.90 / 1 pieces;CHF 46.90 / 1 pieces;CHF 63.90 / 1 pieces
DIOR;Miss Dior;Eau de Toilette;CHF 156.00 / 100 ml;CHF 156.00 / 100 ml;
Lancôme;Sets;Duftset;CHF 58.90 / 1 pieces;CHF 58.90 / 1 pieces;
Dolce&Gabbana;The Only One;Eau de Parfum;CHF 170.00 / 100 ml;CHF 170.00 / 100 ml;
Lancôme;La Nuit Trésor;Eau de Toilette;CHF 68.90 / 30 ml;CHF 229.67 / 100 ml;
Zadig & Voltaire;This is Her;Eau de Parfum;CHF 122.00 / 100 ml;CHF 122.00 / 100 ml;
Lancôme;La vie est belle;Eau de Parfum;CHF 89.90 / 75 ml;CHF 119.87 / 100 ml;CHF 157.00 / 75 ml
Yves Saint Laurent;Black Opium;Eau de Parfum;CHF 45.90 / 30 ml;CHF 153.00 / 100 ml;CHF 97.90 / 30 ml
Yves Saint Laurent;Libre;Eau de Parfum;CHF 56.90 / 30 ml;CHF 189.67 / 100 ml;CHF 97.90 / 30 ml
Armani;Sì;Eau de Parfum;CHF 83.90 / 100 ml;CHF 83.90 / 100 ml;CHF 163.00 / 100 ml
Lancôme;Idôle;Eau de Parfum;CHF 46.90 / 25 ml;CHF 187.60 / 100 ml;CHF 85.90 / 25 ml
DIOR;Poison;Eau de Toilette;CHF 54.90 / 30 ml;CHF 183.00 / 100 ml;
Lancôme;La Nuit Trésor;Eau de Parfum;CHF 100.00 / 75 ml;CHF 133.33 / 100 ml;CHF 157.00 / 75 ml
Chloé;Chloé;Eau de Parfum;CHF 53.90 / 50 ml;CHF 107.80 / 100 ml;CHF 129.00 / 50 ml
Tom Ford;Private Blend Düfte;Eau de Parfum;CHF 164.00 / 50 ml;CHF 328.00 / 100 ml;
BURBERRY;My Burberry;Eau de Parfum;CHF 105.00 / 50 ml;CHF 210.00 / 100 ml;
Rituals;Damen;Eau de Parfum;CHF 59.90 / 60 ml;CHF 99.83 / 100 ml;
Ariana Grande;Ari;Eau de Parfum;CHF 40.90 / 50 ml;CHF 81.80 / 100 ml;CHF 49.90 / 50 ml
Ariana Grande;Cloud;Eau de Parfum;CHF 39.90 / 30 ml;CHF 133.00 / 100 ml;
Tom Ford;Private Blend Düfte;Eau de Parfum;CHF 99.90 / 30 ml;CHF 333.00 / 100 ml;
Paco Rabanne;Lady Million;Eau de Parfum;CHF 42.90 / 30 ml;CHF 143.00 / 100 ml;CHF 77.90 / 30 ml
DIOR;J’adore;Eau de Parfum;CHF 124.00 / 50 ml;CHF 248.00 / 100 ml;
Shirin David;Shirin David;Eau de Parfum;CHF 24.90 / 30 ml;CHF 83.00 / 100 ml;
Valentino;Born In Roma Donna;Eau de Parfum;CHF 67.90 / 30 ml;CHF 226.33 / 100 ml;CHF 92.90 / 30 ml
Hugo Boss;Das Duft-Trio;Eau de Parfum;CHF 47.90 / 75 ml;CHF 63.87 / 100 ml;CHF 126.00 / 75 ml
Hugo Boss;The Scent For Her;Eau de Parfum;CHF 84.90 / 30 ml;CHF 283.00 / 100 ml;
Carolina Herrera;Good Girl;Eau de Parfum;CHF 69.90 / 50 ml;CHF 139.80 / 100 ml;
Armani;Code Femme;Eau de Parfum;CHF 52.90 / 30 ml;CHF 176.33 / 100 ml;CHF 80.90 / 30 ml
Ariana Grande;Sweet Like Candy;Eau de Parfum;CHF 47.90 / 100 ml;CHF 47.90 / 100 ml;CHF 59.90 / 100 ml
Hugo Boss;Das Duft-Trio;Eau de Parfum;CHF 44.90 / 50 ml;CHF 89.80 / 100 ml;CHF 102.00 / 50 ml
Armani;Emporio Armani;Eau de Parfum;CHF 69.90 / 50 ml;CHF 139.80 / 100 ml;CHF 95.90 / 50 ml
Armani;Acqua di Gioia;Eau de Parfum;CHF 66.90 / 100 ml;CHF 66.90 / 100 ml;CHF 130.00 / 100 ml
Jil Sander;Sun;Eau de Toilette;CHF 29.90 / 75 ml;CHF 39.87 / 100 ml;CHF 60.90 / 75 ml
Armani;Sì;Eau de Parfum;CHF 94.90 / 50 ml;CHF 189.80 / 100 ml;CHF 129.00 / 50 ml
Yves Saint Laurent;Black Opium;Eau de Parfum;CHF 94.90 / 30 ml;CHF 316.33 / 100 ml;
Lancaster;Bath & Hair;Eau de Toilette;CHF 35.90 / 50 ml;CHF 71.80 / 100 ml;CHF 40.90 / 50 ml
BURBERRY;Burberry Her;Eau de Parfum;CHF 84.90 / 50 ml;CHF 169.80 / 100 ml;CHF 110.00 / 50 ml
Ariana Grande;Moonlight;Eau de Parfum;CHF 47.90 / 50 ml;CHF 95.80 / 100 ml;
Tom Ford;Private Blend Düfte;Eau de Parfum;CHF 486.00 / 100 ml;CHF 486.00 / 100 ml;
Guerlain;Mon Guerlain;Eau de Parfum;CHF 72.90 / 30 ml;CHF 243.00 / 100 ml;
Michael Kors;Damendüfte;Eau de Parfum;CHF 92.90 / 50 ml;CHF 185.80 / 100 ml;CHF 96.90 / 50 ml
Michael Kors;Damendüfte;Eau de Parfum;CHF 60.90 / 100 ml;CHF 60.90 / 100 ml;CHF 132.00 / 100 ml
Tom Ford;Private Blend Düfte;Eau de Parfum;CHF 191.00 / 50 ml;CHF 382.00 / 100 ml;
Tom Ford;Damen Signature Düfte;Eau de Parfum;CHF 78.90 / 50 ml;CHF 157.80 / 100 ml;
BVLGARI;Eau Parfumée au thé blanc;Eau de Cologne;CHF 89.90 / 75 ml;CHF 119.87 / 100 ml;
Jean Paul Gaultier;La Belle;Eau de Parfum;CHF 161.00 / 100 ml;CHF 161.00 / 100 ml;
Armani;Sì;Eau de Parfum;CHF 42.90 / 30 ml;CHF 143.00 / 100 ml;CHF 86.90 / 30 ml
Hugo Boss;Boss Alive;Eau de Parfum;CHF 83.90 / 30 ml;CHF 279.67 / 100 ml;
Lancôme;Sets;Duftset;CHF 46.90 / 1 pieces;CHF 46.90 / 1 pieces;CHF 63.90 / 1 pieces
DIOR;Miss Dior;Eau de Toilette;CHF 156.00 / 100 ml;CHF 156.00 / 100 ml;
Lancôme;Sets;Duftset;CHF 58.90 / 1 pieces;CHF 58.90 / 1 pieces;
Dolce&Gabbana;The Only One;Eau de Parfum;CHF 170.00 / 100 ml;CHF 170.00 / 100 ml;
Lancôme;La Nuit Trésor;Eau de Toilette;CHF 68.90 / 30 ml;CHF 229.67 / 100 ml;
Zadig & Voltaire;This is Her;Eau de Parfum;CHF 122.00 / 100 ml;CHF 122.00 / 100 ml;
Lancôme;La vie est belle;Eau de Parfum;CHF 89.90 / 75 ml;CHF 119.87 / 100 ml;CHF 157.00 / 75 ml
Yves Saint Laurent;Black Opium;Eau de Parfum;CHF 45.90 / 30 ml;CHF 153.00 / 100 ml;CHF 97.90 / 30 ml
Yves Saint Laurent;Libre;Eau de Parfum;CHF 56.90 / 30 ml;CHF 189.67 / 100 ml;CHF 97.90 / 30 ml
Armani;Sì;Eau de Parfum;CHF 83.90 / 100 ml;CHF 83.90 / 100 ml;CHF 163.00 / 100 ml
Lancôme;Idôle;Eau de Parfum;CHF 46.90 / 25 ml;CHF 187.60 / 100 ml;CHF 85.90 / 25 ml
DIOR;Poison;Eau de Toilette;CHF 54.90 / 30 ml;CHF 183.00 / 100 ml;
Lancôme;La Nuit Trésor;Eau de Parfum;CHF 100.00 / 75 ml;CHF 133.33 / 100 ml;CHF 157.00 / 75 ml
Chloé;Chloé;Eau de Parfum;CHF 53.90 / 50 ml;CHF 107.80 / 100 ml;CHF 129.00 / 50 ml
Tom Ford;Private Blend Düfte;Eau de Parfum;CHF 164.00 / 50 ml;CHF 328.00 / 100 ml;
BURBERRY;My Burberry;Eau de Parfum;CHF 105.00 / 50 ml;CHF 210.00 / 100 ml;
Rituals;Damen;Eau de Parfum;CHF 59.90 / 60 ml;CHF 99.83 / 100 ml;
Ariana Grande;Ari;Eau de Parfum;CHF 40.90 / 50 ml;CHF 81.80 / 100 ml;CHF 49.90 / 50 ml
Ariana Grande;Cloud;Eau de Parfum;CHF 39.90 / 30 ml;CHF 133.00 / 100 ml;
Tom Ford;Private Blend Düfte;Eau de Parfum;CHF 99.90 / 30 ml;CHF 333.00 / 100 ml;
Paco Rabanne;Lady Million;Eau de Parfum;CHF 42.90 / 30 ml;CHF 143.00 / 100 ml;CHF 77.90 / 30 ml
DIOR;J’adore;Eau de Parfum;CHF 124.00 / 50 ml;CHF 248.00 / 100 ml;
Shirin David;Shirin David;Eau de Parfum;CHF 24.90 / 30 ml;CHF 83.00 / 100 ml;
Valentino;Born In Roma Donna;Eau de Parfum;CHF 67.90 / 30 ml;CHF 226.33 / 100 ml;CHF 92.90 / 30 ml
Hugo Boss;Das Duft-Trio;Eau de Parfum;CHF 47.90 / 75 ml;CHF 63.87 / 100 ml;CHF 126.00 / 75 ml
Hugo Boss;The Scent For Her;Eau de Parfum;CHF 84.90 / 30 ml;CHF 283.00 / 100 ml;
Carolina Herrera;Good Girl;Eau de Parfum;CHF 69.90 / 50 ml;CHF 139.80 / 100 ml;
Armani;Code Femme;Eau de Parfum;CHF 52.90 / 30 ml;CHF 176.33 / 100 ml;CHF 80.90 / 30 ml
Ariana Grande;Sweet Like Candy;Eau de Parfum;CHF 47.90 / 100 ml;CHF 47.90 / 100 ml;CHF 59.90 / 100 ml
Hugo Boss;Das Duft-Trio;Eau de Parfum;CHF 44.90 / 50 ml;CHF 89.80 / 100 ml;CHF 102.00 / 50 ml
Armani;Emporio Armani;Eau de Parfum;CHF 69.90 / 50 ml;CHF 139.80 / 100 ml;CHF 95.90 / 50 ml
Armani;Acqua di Gioia;Eau de Parfum;CHF 66.90 / 100 ml;CHF 66.90 / 100 ml;CHF 130.00 / 100 ml
Jil Sander;Sun;Eau de Toilette;CHF 29.90 / 75 ml;CHF 39.87 / 100 ml;CHF 60.90 / 75 ml
Armani;Sì;Eau de Parfum;CHF 94.90 / 50 ml;CHF 189.80 / 100 ml;CHF 129.00 / 50 ml
Yves Saint Laurent;Black Opium;Eau de Parfum;CHF 94.90 / 30 ml;CHF 316.33 / 100 ml;
Lancaster;Bath & Hair;Eau de Toilette;CHF 35.90 / 50 ml;CHF 71.80 / 100 ml;CHF 40.90 / 50 ml
BURBERRY;Burberry Her;Eau de Parfum;CHF 84.90 / 50 ml;CHF 169.80 / 100 ml;CHF 110.00 / 50 ml
Ariana Grande;Moonlight;Eau de Parfum;CHF 47.90 / 50 ml;CHF 95.80 / 100 ml;
Tom Ford;Private Blend Düfte;Eau de Parfum;CHF 486.00 / 100 ml;CHF 486.00 / 100 ml;
Guerlain;Mon Guerlain;Eau de Parfum;CHF 72.90 / 30 ml;CHF 243.00 / 100 ml;
Michael Kors;Damendüfte;Eau de Parfum;CHF 92.90 / 50 ml;CHF 185.80 / 100 ml;CHF 96.90 / 50 ml
Michael Kors;Damendüfte;Eau de Parfum;CHF 60.90 / 100 ml;CHF 60.90 / 100 ml;CHF 132.00 / 100 ml
Tom Ford;Private Blend Düfte;Eau de Parfum;CHF 191.00 / 50 ml;CHF 382.00 / 100 ml;
Tom Ford;Damen Signature Düfte;Eau de Parfum;CHF 78.90 / 50 ml;CHF 157.80 / 100 ml;
BVLGARI;Eau Parfumée au thé blanc;Eau de Cologne;CHF 89.90 / 75 ml;CHF 119.87 / 100 ml;
Jean Paul Gaultier;La Belle;Eau de Parfum;CHF 161.00 / 100 ml;CHF 161.00 / 100 ml;
Armani;Sì;Eau de Parfum;CHF 42.90 / 30 ml;CHF 143.00 / 100 ml;CHF 86.90 / 30 ml
Hugo Boss;Boss Alive;Eau de Parfum;CHF 83.90 / 30 ml;CHF 279.67 / 100 ml;
Lancôme;Sets;Duftset;CHF 46.90 / 1 pieces;CHF 46.90 / 1 pieces;CHF 63.90 / 1 pieces
DIOR;Miss Dior;Eau de Toilette;CHF 156.00 / 100 ml;CHF 156.00 / 100 ml;
Lancôme;Sets;Duftset;CHF 58.90 / 1 pieces;CHF 58.90 / 1 pieces;
Dolce&Gabbana;The Only One;Eau de Parfum;CHF 170.00 / 100 ml;CHF 170.00 / 100 ml;
Lancôme;La Nuit Trésor;Eau de Toilette;CHF 68.90 / 30 ml;CHF 229.67 / 100 ml;
Zadig & Voltaire;This is Her;Eau de Parfum;CHF 122.00 / 100 ml;CHF 122.00 / 100 ml;
Lancôme;La vie est belle;Eau de Parfum;CHF 89.90 / 75 ml;CHF 119.87 / 100 ml;CHF 157.00 / 75 ml
Yves Saint Laurent;Black Opium;Eau de Parfum;CHF 45.90 / 30 ml;CHF 153.00 / 100 ml;CHF 97.90 / 30 ml
Yves Saint Laurent;Libre;Eau de Parfum;CHF 56.90 / 30 ml;CHF 189.67 / 100 ml;CHF 97.90 / 30 ml
Armani;Sì;Eau de Parfum;CHF 83.90 / 100 ml;CHF 83.90 / 100 ml;CHF 163.00 / 100 ml
Lancôme;Idôle;Eau de Parfum;CHF 46.90 / 25 ml;CHF 187.60 / 100 ml;CHF 85.90 / 25 ml
DIOR;Poison;Eau de Toilette;CHF 54.90 / 30 ml;CHF 183.00 / 100 ml;
Lancôme;La Nuit Trésor;Eau de Parfum;CHF 100.00 / 75 ml;CHF 133.33 / 100 ml;CHF 157.00 / 75 ml
Chloé;Chloé;Eau de Parfum;CHF 53.90 / 50 ml;CHF 107.80 / 100 ml;CHF 129.00 / 50 ml
Tom Ford;Private Blend Düfte;Eau de Parfum;CHF 164.00 / 50 ml;CHF 328.00 / 100 ml;
BURBERRY;My Burberry;Eau de Parfum;CHF 105.00 / 50 ml;CHF 210.00 / 100 ml;
Rituals;Damen;Eau de Parfum;CHF 59.90 / 60 ml;CHF 99.83 / 100 ml;
Ariana Grande;Ari;Eau de Parfum;CHF 40.90 / 50 ml;CHF 81.80 / 100 ml;CHF 49.90 / 50 ml
Ariana Grande;Cloud;Eau de Parfum;CHF 39.90 / 30 ml;CHF 133.00 / 100 ml;
Tom Ford;Private Blend Düfte;Eau de Parfum;CHF 99.90 / 30 ml;CHF 333.00 / 100 ml;
Paco Rabanne;Lady Million;Eau de Parfum;CHF 42.90 / 30 ml;CHF 143.00 / 100 ml;CHF 77.90 / 30 ml
DIOR;J’adore;Eau de Parfum;CHF 124.00 / 50 ml;CHF 248.00 / 100 ml;
Shirin David;Shirin David;Eau de Parfum;CHF 24.90 / 30 ml;CHF 83.00 / 100 ml;
Valentino;Born In Roma Donna;Eau de Parfum;CHF 67.90 / 30 ml;CHF 226.33 / 100 ml;CHF 92.90 / 30 ml
Hugo Boss;Das Duft-Trio;Eau de Parfum;CHF 47.90 / 75 ml;CHF 63.87 / 100 ml;CHF 126.00 / 75 ml
Hugo Boss;The Scent For Her;Eau de Parfum;CHF 84.90 / 30 ml;CHF 283.00 / 100 ml;
Carolina Herrera;Good Girl;Eau de Parfum;CHF 69.90 / 50 ml;CHF 139.80 / 100 ml;
Armani;Code Femme;Eau de Parfum;CHF 52.90 / 30 ml;CHF 176.33 / 100 ml;CHF 80.90 / 30 ml
Ariana Grande;Sweet Like Candy;Eau de Parfum;CHF 47.90 / 100 ml;CHF 47.90 / 100 ml;CHF 59.90 / 100 ml
Hugo Boss;Das Duft-Trio;Eau de Parfum;CHF 44.90 / 50 ml;CHF 89.80 / 100 ml;CHF 102.00 / 50 ml
Armani;Emporio Armani;Eau de Parfum;CHF 69.90 / 50 ml;CHF 139.80 / 100 ml;CHF 95.90 / 50 ml
Armani;Acqua di Gioia;Eau de Parfum;CHF 66.90 / 100 ml;CHF 66.90 / 100 ml;CHF 130.00 / 100 ml
Jil Sander;Sun;Eau de Toilette;CHF 29.90 / 75 ml;CHF 39.87 / 100 ml;CHF 60.90 / 75 ml
Armani;Sì;Eau de Parfum;CHF 94.90 / 50 ml;CHF 189.80 / 100 ml;CHF 129.00 / 50 ml
Yves Saint Laurent;Black Opium;Eau de Parfum;CHF 94.90 / 30 ml;CHF 316.33 / 100 ml;
Lancaster;Bath & Hair;Eau de Toilette;CHF 35.90 / 50 ml;CHF 71.80 / 100 ml;CHF 40.90 / 50 ml
BURBERRY;Burberry Her;Eau de Parfum;CHF 84.90 / 50 ml;CHF 169.80 / 100 ml;CHF 110.00 / 50 ml
Ariana Grande;Moonlight;Eau de Parfum;CHF 47.90 / 50 ml;CHF 95.80 / 100 ml;
Tom Ford;Private Blend Düfte;Eau de Parfum;CHF 486.00 / 100 ml;CHF 486.00 / 100 ml;
Guerlain;Mon Guerlain;Eau de Parfum;CHF 72.90 / 30 ml;CHF 243.00 / 100 ml;
Michael Kors;Damendüfte;Eau de Parfum;CHF 92.90 / 50 ml;CHF 185.80 / 100 ml;CHF 96.90 / 50 ml
Michael Kors;Damendüfte;Eau de Parfum;CHF 60.90 / 100 ml;CHF 60.90 / 100 ml;CHF 132.00 / 100 ml
Tom Ford;Private Blend Düfte;Eau de Parfum;CHF 191.00 / 50 ml;CHF 382.00 / 100 ml;
Tom Ford;Damen Signature Düfte;Eau de Parfum;CHF 78.90 / 50 ml;CHF 157.80 / 100 ml;
BVLGARI;Eau Parfumée au thé blanc;Eau de Cologne;CHF 89.90 / 75 ml;CHF 119.87 / 100 ml;
Jean Paul Gaultier;La Belle;Eau de Parfum;CHF 161.00 / 100 ml;CHF 161.00 / 100 ml;
Armani;Sì;Eau de Parfum;CHF 42.90 / 30 ml;CHF 143.00 / 100 ml;CHF 86.90 / 30 ml
Hugo Boss;Boss Alive;Eau de Parfum;CHF 83.90 / 30 ml;CHF 279.67 / 100 ml;
Lancôme;Sets;Duftset;CHF 46.90 / 1 pieces;CHF 46.90 / 1 pieces;CHF 63.90 / 1 pieces
DIOR;Miss Dior;Eau de Toilette;CHF 156.00 / 100 ml;CHF 156.00 / 100 ml;
Lancôme;Sets;Duftset;CHF 58.90 / 1 pieces;CHF 58.90 / 1 pieces;
Dolce&Gabbana;The Only One;Eau de Parfum;CHF 170.00 / 100 ml;CHF 170.00 / 100 ml;
Lancôme;La Nuit Trésor;Eau de Toilette;CHF 68.90 / 30 ml;CHF 229.67 / 100 ml;
Zadig & Voltaire;This is Her;Eau de Parfum;CHF 122.00 / 100 ml;CHF 122.00 / 100 ml;
Lancôme;La vie est belle;Eau de Parfum;CHF 89.90 / 75 ml;CHF 119.87 / 100 ml;CHF 157.00 / 75 ml
Yves Saint Laurent;Black Opium;Eau de Parfum;CHF 45.90 / 30 ml;CHF 153.00 / 100 ml;CHF 97.90 / 30 ml
Yves Saint Laurent;Libre;Eau de Parfum;CHF 56.90 / 30 ml;CHF 189.67 / 100 ml;CHF 97.90 / 30 ml
Armani;Sì;Eau de Parfum;CHF 83.90 / 100 ml;CHF 83.90 / 100 ml;CHF 163.00 / 100 ml
Lancôme;Idôle;Eau de Parfum;CHF 46.90 / 25 ml;CHF 187.60 / 100 ml;CHF 85.90 / 25 ml
DIOR;Poison;Eau de Toilette;CHF 54.90 / 30 ml;CHF 183.00 / 100 ml;
Lancôme;La Nuit Trésor;Eau de Parfum;CHF 100.00 / 75 ml;CHF 133.33 / 100 ml;CHF 157.00 / 75 ml
Chloé;Chloé;Eau de Parfum;CHF 53.90 / 50 ml;CHF 107.80 / 100 ml;CHF 129.00 / 50 ml
Tom Ford;Private Blend Düfte;Eau de Parfum;CHF 164.00 / 50 ml;CHF 328.00 / 100 ml;
BURBERRY;My Burberry;Eau de Parfum;CHF 105.00 / 50 ml;CHF 210.00 / 100 ml;
Rituals;Damen;Eau de Parfum;CHF 59.90 / 60 ml;CHF 99.83 / 100 ml;
Ariana Grande;Ari;Eau de Parfum;CHF 40.90 / 50 ml;CHF 81.80 / 100 ml;CHF 49.90 / 50 ml
Ariana Grande;Cloud;Eau de Parfum;CHF 39.90 / 30 ml;CHF 133.00 / 100 ml;
Tom Ford;Private Blend Düfte;Eau de Parfum;CHF 99.90 / 30 ml;CHF 333.00 / 100 ml;
Paco Rabanne;Lady Million;Eau de Parfum;CHF 42.90 / 30 ml;CHF 143.00 / 100 ml;CHF 77.90 / 30 ml
DIOR;J’adore;Eau de Parfum;CHF 124.00 / 50 ml;CHF 248.00 / 100 ml;
Shirin David;Shirin David;Eau de Parfum;CHF 24.90 / 30 ml;CHF 83.00 / 100 ml;
Valentino;Born In Roma Donna;Eau de Parfum;CHF 67.90 / 30 ml;CHF 226.33 / 100 ml;CHF 92.90 / 30 ml
Hugo Boss;Das Duft-Trio;Eau de Parfum;CHF 47.90 / 75 ml;CHF 63.87 / 100 ml;CHF 126.00 / 75 ml
Hugo Boss;The Scent For Her;Eau de Parfum;CHF 84.90 / 30 ml;CHF 283.00 / 100 ml;
Carolina Herrera;Good Girl;Eau de Parfum;CHF 69.90 / 50 ml;CHF 139.80 / 100 ml;
Armani;Code Femme;Eau de Parfum;CHF 52.90 / 30 ml;CHF 176.33 / 100 ml;CHF 80.90 / 30 ml
Ariana Grande;Sweet Like Candy;Eau de Parfum;CHF 47.90 / 100 ml;CHF 47.90 / 100 ml;CHF 59.90 / 100 ml
Hugo Boss;Das Duft-Trio;Eau de Parfum;CHF 44.90 / 50 ml;CHF 89.80 / 100 ml;CHF 102.00 / 50 ml
Armani;Emporio Armani;Eau de Parfum;CHF 69.90 / 50 ml;CHF 139.80 / 100 ml;CHF 95.90 / 50 ml
Armani;Acqua di Gioia;Eau de Parfum;CHF 66.90 / 100 ml;CHF 66.90 / 100 ml;CHF 130.00 / 100 ml
Jil Sander;Sun;Eau de Toilette;CHF 29.90 / 75 ml;CHF 39.87 / 100 ml;CHF 60.90 / 75 ml
Armani;Sì;Eau de Parfum;CHF 94.90 / 50 ml;CHF 189.80 / 100 ml;CHF 129.00 / 50 ml
Yves Saint Laurent;Black Opium;Eau de Parfum;CHF 94.90 / 30 ml;CHF 316.33 / 100 ml;
Lancaster;Bath & Hair;Eau de Toilette;CHF 35.90 / 50 ml;CHF 71.80 / 100 ml;CHF 40.90 / 50 ml
BURBERRY;Burberry Her;Eau de Parfum;CHF 84.90 / 50 ml;CHF 169.80 / 100 ml;CHF 110.00 / 50 ml
Ariana Grande;Moonlight;Eau de Parfum;CHF 47.90 / 50 ml;CHF 95.80 / 100 ml;
Tom Ford;Private Blend Düfte;Eau de Parfum;CHF 486.00 / 100 ml;CHF 486.00 / 100 ml;
Guerlain;Mon Guerlain;Eau de Parfum;CHF 72.90 / 30 ml;CHF 243.00 / 100 ml;
Michael Kors;Damendüfte;Eau de Parfum;CHF 92.90 / 50 ml;CHF 185.80 / 100 ml;CHF 96.90 / 50 ml
Michael Kors;Damendüfte;Eau de Parfum;CHF 60.90 / 100 ml;CHF 60.90 / 100 ml;CHF 132.00 / 100 ml
Tom Ford;Private Blend Düfte;Eau de Parfum;CHF 191.00 / 50 ml;CHF 382.00 / 100 ml;
Tom Ford;Damen Signature Düfte;Eau de Parfum;CHF 78.90 / 50 ml;CHF 157.80 / 100 ml;
BVLGARI;Eau Parfumée au thé blanc;Eau de Cologne;CHF 89.90 / 75 ml;CHF 119.87 / 100 ml;
Jean Paul Gaultier;La Belle;Eau de Parfum;CHF 161.00 / 100 ml;CHF 161.00 / 100 ml;
Armani;Sì;Eau de Parfum;CHF 42.90 / 30 ml;CHF 143.00 / 100 ml;CHF 86.90 / 30 ml
Hugo Boss;Boss Alive;Eau de Parfum;CHF 83.90 / 30 ml;CHF 279.67 / 100 ml;
Lancôme;Sets;Duftset;CHF 46.90 / 1 pieces;CHF 46.90 / 1 pieces;CHF 63.90 / 1 pieces
DIOR;Miss Dior;Eau de Toilette;CHF 156.00 / 100 ml;CHF 156.00 / 100 ml;
Lancôme;Sets;Duftset;CHF 58.90 / 1 pieces;CHF 58.90 / 1 pieces;
Dolce&Gabbana;The Only One;Eau de Parfum;CHF 170.00 / 100 ml;CHF 170.00 / 100 ml;
Lancôme;La Nuit Trésor;Eau de Toilette;CHF 68.90 / 30 ml;CHF 229.67 / 100 ml;
Zadig & Voltaire;This is Her;Eau de Parfum;CHF 122.00 / 100 ml;CHF 122.00 / 100 ml;
Lancôme;La vie est belle;Eau de Parfum;CHF 89.90 / 75 ml;CHF 119.87 / 100 ml;CHF 157.00 / 75 ml
Yves Saint Laurent;Black Opium;Eau de Parfum;CHF 45.90 / 30 ml;CHF 153.00 / 100 ml;CHF 97.90 / 30 ml
Yves Saint Laurent;Libre;Eau de Parfum;CHF 56.90 / 30 ml;CHF 189.67 / 100 ml;CHF 97.90 / 30 ml
Armani;Sì;Eau de Parfum;CHF 83.90 / 100 ml;CHF 83.90 / 100 ml;CHF 163.00 / 100 ml
Lancôme;Idôle;Eau de Parfum;CHF 46.90 / 25 ml;CHF 187.60 / 100 ml;CHF 85.90 / 25 ml
DIOR;Poison;Eau de Toilette;CHF 54.90 / 30 ml;CHF 183.00 / 100 ml;
Lancôme;La Nuit Trésor;Eau de Parfum;CHF 100.00 / 75 ml;CHF 133.33 / 100 ml;CHF 157.00 / 75 ml
Chloé;Chloé;Eau de Parfum;CHF 53.90 / 50 ml;CHF 107.80 / 100 ml;CHF 129.00 / 50 ml
Tom Ford;Private Blend Düfte;Eau de Parfum;CHF 164.00 / 50 ml;CHF 328.00 / 100 ml;
BURBERRY;My Burberry;Eau de Parfum;CHF 105.00 / 50 ml;CHF 210.00 / 100 ml;
Rituals;Damen;Eau de Parfum;CHF 59.90 / 60 ml;CHF 99.83 / 100 ml;
Ariana Grande;Ari;Eau de Parfum;CHF 40.90 / 50 ml;CHF 81.80 / 100 ml;CHF 49.90 / 50 ml
Ariana Grande;Cloud;Eau de Parfum;CHF 39.90 / 30 ml;CHF 133.00 / 100 ml;
Tom Ford;Private Blend Düfte;Eau de Parfum;CHF 99.90 / 30 ml;CHF 333.00 / 100 ml;
Paco Rabanne;Lady Million;Eau de Parfum;CHF 42.90 / 30 ml;CHF 143.00 / 100 ml;CHF 77.90 / 30 ml
DIOR;J’adore;Eau de Parfum;CHF 124.00 / 50 ml;CHF 248.00 / 100 ml;
Shirin David;Shirin David;Eau de Parfum;CHF 24.90 / 30 ml;CHF 83.00 / 100 ml;
Valentino;Born In Roma Donna;Eau de Parfum;CHF 67.90 / 30 ml;CHF 226.33 / 100 ml;CHF 92.90 / 30 ml
Hugo Boss;Das Duft-Trio;Eau de Parfum;CHF 47.90 / 75 ml;CHF 63.87 / 100 ml;CHF 126.00 / 75 ml
Hugo Boss;The Scent For Her;Eau de Parfum;CHF 84.90 / 30 ml;CHF 283.00 / 100 ml;
Carolina Herrera;Good Girl;Eau de Parfum;CHF 69.90 / 50 ml;CHF 139.80 / 100 ml;
Armani;Code Femme;Eau de Parfum;CHF 52.90 / 30 ml;CHF 176.33 / 100 ml;CHF 80.90 / 30 ml
Ariana Grande;Sweet Like Candy;Eau de Parfum;CHF 47.90 / 100 ml;CHF 47.90 / 100 ml;CHF 59.90 / 100 ml
Hugo Boss;Das Duft-Trio;Eau de Parfum;CHF 44.90 / 50 ml;CHF 89.80 / 100 ml;CHF 102.00 / 50 ml
Armani;Emporio Armani;Eau de Parfum;CHF 69.90 / 50 ml;CHF 139.80 / 100 ml;CHF 95.90 / 50 ml
Armani;Acqua di Gioia;Eau de Parfum;CHF 66.90 / 100 ml;CHF 66.90 / 100 ml;CHF 130.00 / 100 ml
Jil Sander;Sun;Eau de Toilette;CHF 29.90 / 75 ml;CHF 39.87 / 100 ml;CHF 60.90 / 75 ml
Armani;Sì;Eau de Parfum;CHF 94.90 / 50 ml;CHF 189.80 / 100 ml;CHF 129.00 / 50 ml
Yves Saint Laurent;Black Opium;Eau de Parfum;CHF 94.90 / 30 ml;CHF 316.33 / 100 ml;
Lancaster;Bath & Hair;Eau de Toilette;CHF 35.90 / 50 ml;CHF 71.80 / 100 ml;CHF 40.90 / 50 ml
BURBERRY;Burberry Her;Eau de Parfum;CHF 84.90 / 50 ml;CHF 169.80 / 100 ml;CHF 110.00 / 50 ml
Ariana Grande;Moonlight;Eau de Parfum;CHF 47.90 / 50 ml;CHF 95.80 / 100 ml;
Tom Ford;Private Blend Düfte;Eau de Parfum;CHF 486.00 / 100 ml;CHF 486.00 / 100 ml;
Guerlain;Mon Guerlain;Eau de Parfum;CHF 72.90 / 30 ml;CHF 243.00 / 100 ml;
Michael Kors;Damendüfte;Eau de Parfum;CHF 92.90 / 50 ml;CHF 185.80 / 100 ml;CHF 96.90 / 50 ml
Michael Kors;Damendüfte;Eau de Parfum;CHF 60.90 / 100 ml;CHF 60.90 / 100 ml;CHF 132.00 / 100 ml
Tom Ford;Private Blend Düfte;Eau de Parfum;CHF 191.00 / 50 ml;CHF 382.00 / 100 ml;
Tom Ford;Damen Signature Düfte;Eau de Parfum;CHF 78.90 / 50 ml;CHF 157.80 / 100 ml;
BVLGARI;Eau Parfumée au thé blanc;Eau de Cologne;CHF 89.90 / 75 ml;CHF 119.87 / 100 ml;
Jean Paul Gaultier;La Belle;Eau de Parfum;CHF 161.00 / 100 ml;CHF 161.00 / 100 ml;
Armani;Sì;Eau de Parfum;CHF 42.90 / 30 ml;CHF 143.00 / 100 ml;CHF 86.90 / 30 ml
Hugo Boss;Boss Alive;Eau de Parfum;CHF 83.90 / 30 ml;CHF 279.67 / 100 ml;
Lancôme;Sets;Duftset;CHF 46.90 / 1 pieces;CHF 46.90 / 1 pieces;CHF 63.90 / 1 pieces
DIOR;Miss Dior;Eau de Toilette;CHF 156.00 / 100 ml;CHF 156.00 / 100 ml;
Lancôme;Sets;Duftset;CHF 58.90 / 1 pieces;CHF 58.90 / 1 pieces;
Dolce&Gabbana;The Only One;Eau de Parfum;CHF 170.00 / 100 ml;CHF 170.00 / 100 ml;
Lancôme;La Nuit Trésor;Eau de Toilette;CHF 68.90 / 30 ml;CHF 229.67 / 100 ml;
Zadig & Voltaire;This is Her;Eau de Parfum;CHF 122.00 / 100 ml;CHF 122.00 / 100 ml;
Lancôme;La vie est belle;Eau de Parfum;CHF 89.90 / 75 ml;CHF 119.87 / 100 ml;CHF 157.00 / 75 ml
Yves Saint Laurent;Black Opium;Eau de Parfum;CHF 45.90 / 30 ml;CHF 153.00 / 100 ml;CHF 97.90 / 30 ml
Yves Saint Laurent;Libre;Eau de Parfum;CHF 56.90 / 30 ml;CHF 189.67 / 100 ml;CHF 97.90 / 30 ml
Armani;Sì;Eau de Parfum;CHF 83.90 / 100 ml;CHF 83.90 / 100 ml;CHF 163.00 / 100 ml
Lancôme;Idôle;Eau de Parfum;CHF 46.90 / 25 ml;CHF 187.60 / 100 ml;CHF 85.90 / 25 ml
DIOR;Poison;Eau de Toilette;CHF 54.90 / 30 ml;CHF 183.00 / 100 ml;
Lancôme;La Nuit Trésor;Eau de Parfum;CHF 100.00 / 75 ml;CHF 133.33 / 100 ml;CHF 157.00 / 75 ml
Chloé;Chloé;Eau de Parfum;CHF 53.90 / 50 ml;CHF 107.80 / 100 ml;CHF 129.00 / 50 ml
Tom Ford;Private Blend Düfte;Eau de Parfum;CHF 164.00 / 50 ml;CHF 328.00 / 100 ml;
BURBERRY;My Burberry;Eau de Parfum;CHF 105.00 / 50 ml;CHF 210.00 / 100 ml;
Rituals;Damen;Eau de Parfum;CHF 59.90 / 60 ml;CHF 99.83 / 100 ml;
Ariana Grande;Ari;Eau de Parfum;CHF 40.90 / 50 ml;CHF 81.80 / 100 ml;CHF 49.90 / 50 ml
Ariana Grande;Cloud;Eau de Parfum;CHF 39.90 / 30 ml;CHF 133.00 / 100 ml;
Tom Ford;Private Blend Düfte;Eau de Parfum;CHF 99.90 / 30 ml;CHF 333.00 / 100 ml;
Paco Rabanne;Lady Million;Eau de Parfum;CHF 42.90 / 30 ml;CHF 143.00 / 100 ml;CHF 77.90 / 30 ml
DIOR;J’adore;Eau de Parfum;CHF 124.00 / 50 ml;CHF 248.00 / 100 ml;
Shirin David;Shirin David;Eau de Parfum;CHF 24.90 / 30 ml;CHF 83.00 / 100 ml;
Valentino;Born In Roma Donna;Eau de Parfum;CHF 67.90 / 30 ml;CHF 226.33 / 100 ml;CHF 92.90 / 30 ml
Hugo Boss;Das Duft-Trio;Eau de Parfum;CHF 47.90 / 75 ml;CHF 63.87 / 100 ml;CHF 126.00 / 75 ml
Hugo Boss;The Scent For Her;Eau de Parfum;CHF 84.90 / 30 ml;CHF 283.00 / 100 ml;
Carolina Herrera;Good Girl;Eau de Parfum;CHF 69.90 / 50 ml;CHF 139.80 / 100 ml;
Armani;Code Femme;Eau de Parfum;CHF 52.90 / 30 ml;CHF 176.33 / 100 ml;CHF 80.90 / 30 ml
Ariana Grande;Sweet Like Candy;Eau de Parfum;CHF 47.90 / 100 ml;CHF 47.90 / 100 ml;CHF 59.90 / 100 ml
Hugo Boss;Das Duft-Trio;Eau de Parfum;CHF 44.90 / 50 ml;CHF 89.80 / 100 ml;CHF 102.00 / 50 ml
Armani;Emporio Armani;Eau de Parfum;CHF 69.90 / 50 ml;CHF 139.80 / 100 ml;CHF 95.90 / 50 ml
Armani;Acqua di Gioia;Eau de Parfum;CHF 66.90 / 100 ml;CHF 66.90 / 100 ml;CHF 130.00 / 100 ml
Jil Sander;Sun;Eau de Toilette;CHF 29.90 / 75 ml;CHF 39.87 / 100 ml;CHF 60.90 / 75 ml
Armani;Sì;Eau de Parfum;CHF 94.90 / 50 ml;CHF 189.80 / 100 ml;CHF 129.00 / 50 ml
Yves Saint Laurent;Black Opium;Eau de Parfum;CHF 94.90 / 30 ml;CHF 316.33 / 100 ml;
Lancaster;Bath & Hair;Eau de Toilette;CHF 35.90 / 50 ml;CHF 71.80 / 100 ml;CHF 40.90 / 50 ml
BURBERRY;Burberry Her;Eau de Parfum;CHF 84.90 / 50 ml;CHF 169.80 / 100 ml;CHF 110.00 / 50 ml
Ariana Grande;Moonlight;Eau de Parfum;CHF 47.90 / 50 ml;CHF 95.80 / 100 ml;
Tom Ford;Private Blend Düfte;Eau de Parfum;CHF 486.00 / 100 ml;CHF 486.00 / 100 ml;
Guerlain;Mon Guerlain;Eau de Parfum;CHF 72.90 / 30 ml;CHF 243.00 / 100 ml;
Michael Kors;Damendüfte;Eau de Parfum;CHF 92.90 / 50 ml;CHF 185.80 / 100 ml;CHF 96.90 / 50 ml
Michael Kors;Damendüfte;Eau de Parfum;CHF 60.90 / 100 ml;CHF 60.90 / 100 ml;CHF 132.00 / 100 ml
Tom Ford;Private Blend Düfte;Eau de Parfum;CHF 191.00 / 50 ml;CHF 382.00 / 100 ml;
Tom Ford;Damen Signature Düfte;Eau de Parfum;CHF 78.90 / 50 ml;CHF 157.80 / 100 ml;
BVLGARI;Eau Parfumée au thé blanc;Eau de Cologne;CHF 89.90 / 75 ml;CHF 119.87 / 100 ml;
Jean Paul Gaultier;La Belle;Eau de Parfum;CHF 161.00 / 100 ml;CHF 161.00 / 100 ml;
Armani;Sì;Eau de Parfum;CHF 42.90 / 30 ml;CHF 143.00 / 100 ml;CHF 86.90 / 30 ml
Hugo Boss;Boss Alive;Eau de Parfum;CHF 83.90 / 30 ml;CHF 279.67 / 100 ml;
Lancôme;Sets;Duftset;CHF 46.90 / 1 pieces;CHF 46.90 / 1 pieces;CHF 63.90 / 1 pieces
DIOR;Miss Dior;Eau de Toilette;CHF 156.00 / 100 ml;CHF 156.00 / 100 ml;
Lancôme;Sets;Duftset;CHF 58.90 / 1 pieces;CHF 58.90 / 1 pieces;
Dolce&Gabbana;The Only One;Eau de Parfum;CHF 170.00 / 100 ml;CHF 170.00 / 100 ml;
Lancôme;La Nuit Trésor;Eau de Toilette;CHF 68.90 / 30 ml;CHF 229.67 / 100 ml;
Zadig & Voltaire;This is Her;Eau de Parfum;CHF 122.00 / 100 ml;CHF 122.00 / 100 ml;
Lancôme;La vie est belle;Eau de Parfum;CHF 89.90 / 75 ml;CHF 119.87 / 100 ml;CHF 157.00 / 75 ml
Yves Saint Laurent;Black Opium;Eau de Parfum;CHF 45.90 / 30 ml;CHF 153.00 / 100 ml;CHF 97.90 / 30 ml
Yves Saint Laurent;Libre;Eau de Parfum;CHF 56.90 / 30 ml;CHF 189.67 / 100 ml;CHF 97.90 / 30 ml
Armani;Sì;Eau de Parfum;CHF 83.90 / 100 ml;CHF 83.90 / 100 ml;CHF 163.00 / 100 ml
Lancôme;Idôle;Eau de Parfum;CHF 46.90 / 25 ml;CHF 187.60 / 100 ml;CHF 85.90 / 25 ml
DIOR;Poison;Eau de Toilette;CHF 54.90 / 30 ml;CHF 183.00 / 100 ml;
Lancôme;La Nuit Trésor;Eau de Parfum;CHF 100.00 / 75 ml;CHF 133.33 / 100 ml;CHF 157.00 / 75 ml
Chloé;Chloé;Eau de Parfum;CHF 53.90 / 50 ml;CHF 107.80 / 100 ml;CHF 129.00 / 50 ml
Tom Ford;Private Blend Düfte;Eau de Parfum;CHF 164.00 / 50 ml;CHF 328.00 / 100 ml;
BURBERRY;My Burberry;Eau de Parfum;CHF 105.00 / 50 ml;CHF 210.00 / 100 ml;
Rituals;Damen;Eau de Parfum;CHF 59.90 / 60 ml;CHF 99.83 / 100 ml;
Ariana Grande;Ari;Eau de Parfum;CHF 40.90 / 50 ml;CHF 81.80 / 100 ml;CHF 49.90 / 50 ml
Ariana Grande;Cloud;Eau de Parfum;CHF 39.90 / 30 ml;CHF 133.00 / 100 ml;
Tom Ford;Private Blend Düfte;Eau de Parfum;CHF 99.90 / 30 ml;CHF 333.00 / 100 ml;
Paco Rabanne;Lady Million;Eau de Parfum;CHF 42.90 / 30 ml;CHF 143.00 / 100 ml;CHF 77.90 / 30 ml
DIOR;J’adore;Eau de Parfum;CHF 124.00 / 50 ml;CHF 248.00 / 100 ml;
Shirin David;Shirin David;Eau de Parfum;CHF 24.90 / 30 ml;CHF 83.00 / 100 ml;
Valentino;Born In Roma Donna;Eau de Parfum;CHF 67.90 / 30 ml;CHF 226.33 / 100 ml;CHF 92.90 / 30 ml
Hugo Boss;Das Duft-Trio;Eau de Parfum;CHF 47.90 / 75 ml;CHF 63.87 / 100 ml;CHF 126.00 / 75 ml
Hugo Boss;The Scent For Her;Eau de Parfum;CHF 84.90 / 30 ml;CHF 283.00 / 100 ml;
Carolina Herrera;Good Girl;Eau de Parfum;CHF 69.90 / 50 ml;CHF 139.80 / 100 ml;
Armani;Code Femme;Eau de Parfum;CHF 52.90 / 30 ml;CHF 176.33 / 100 ml;CHF 80.90 / 30 ml
Ariana Grande;Sweet Like Candy;Eau de Parfum;CHF 47.90 / 100 ml;CHF 47.90 / 100 ml;CHF 59.90 / 100 ml
Hugo Boss;Das Duft-Trio;Eau de Parfum;CHF 44.90 / 50 ml;CHF 89.80 / 100 ml;CHF 102.00 / 50 ml
Armani;Emporio Armani;Eau de Parfum;CHF 69.90 / 50 ml;CHF 139.80 / 100 ml;CHF 95.90 / 50 ml
Armani;Acqua di Gioia;Eau de Parfum;CHF 66.90 / 100 ml;CHF 66.90 / 100 ml;CHF 130.00 / 100 ml
Jil Sander;Sun;Eau de Toilette;CHF 29.90 / 75 ml;CHF 39.87 / 100 ml;CHF 60.90 / 75 ml
Armani;Sì;Eau de Parfum;CHF 94.90 / 50 ml;CHF 189.80 / 100 ml;CHF 129.00 / 50 ml
Yves Saint Laurent;Black Opium;Eau de Parfum;CHF 94.90 / 30 ml;CHF 316.33 / 100 ml;
Lancaster;Bath & Hair;Eau de Toilette;CHF 35.90 / 50 ml;CHF 71.80 / 100 ml;CHF 40.90 / 50 ml
BURBERRY;Burberry Her;Eau de Parfum;CHF 84.90 / 50 ml;CHF 169.80 / 100 ml;CHF 110.00 / 50 ml
Ariana Grande;Moonlight;Eau de Parfum;CHF 47.90 / 50 ml;CHF 95.80 / 100 ml;
Tom Ford;Private Blend Düfte;Eau de Parfum;CHF 486.00 / 100 ml;CHF 486.00 / 100 ml;
Guerlain;Mon Guerlain;Eau de Parfum;CHF 72.90 / 30 ml;CHF 243.00 / 100 ml;
Michael Kors;Damendüfte;Eau de Parfum;CHF 92.90 / 50 ml;CHF 185.80 / 100 ml;CHF 96.90 / 50 ml
Michael Kors;Damendüfte;Eau de Parfum;CHF 60.90 / 100 ml;CHF 60.90 / 100 ml;CHF 132.00 / 100 ml
Tom Ford;Private Blend Düfte;Eau de Parfum;CHF 191.00 / 50 ml;CHF 382.00 / 100 ml;
Tom Ford;Damen Signature Düfte;Eau de Parfum;CHF 78.90 / 50 ml;CHF 157.80 / 100 ml;
BVLGARI;Eau Parfumée au thé blanc;Eau de Cologne;CHF 89.90 / 75 ml;CHF 119.87 / 100 ml;
Jean Paul Gaultier;La Belle;Eau de Parfum;CHF 161.00 / 100 ml;CHF 161.00 / 100 ml;
Armani;Sì;Eau de Parfum;CHF 42.90 / 30 ml;CHF 143.00 / 100 ml;CHF 86.90 / 30 ml
Hugo Boss;Boss Alive;Eau de Parfum;CHF 83.90 / 30 ml;CHF 279.67 / 100 ml;
Lancôme;Sets;Duftset;CHF 46.90 / 1 pieces;CHF 46.90 / 1 pieces;CHF 63.90 / 1 pieces
DIOR;Miss Dior;Eau de Toilette;CHF 156.00 / 100 ml;CHF 156.00 / 100 ml;
Lancôme;Sets;Duftset;CHF 58.90 / 1 pieces;CHF 58.90 / 1 pieces;
Dolce&Gabbana;The Only One;Eau de Parfum;CHF 170.00 / 100 ml;CHF 170.00 / 100 ml;
Lancôme;La Nuit Trésor;Eau de Toilette;CHF 68.90 / 30 ml;CHF 229.67 / 100 ml;
Zadig & Voltaire;This is Her;Eau de Parfum;CHF 122.00 / 100 ml;CHF 122.00 / 100 ml;
Lancôme;La vie est belle;Eau de Parfum;CHF 89.90 / 75 ml;CHF 119.87 / 100 ml;CHF 157.00 / 75 ml
Yves Saint Laurent;Black Opium;Eau de Parfum;CHF 45.90 / 30 ml;CHF 153.00 / 100 ml;CHF 97.90 / 30 ml
Yves Saint Laurent;Libre;Eau de Parfum;CHF 56.90 / 30 ml;CHF 189.67 / 100 ml;CHF 97.90 / 30 ml
Armani;Sì;Eau de Parfum;CHF 83.90 / 100 ml;CHF 83.90 / 100 ml;CHF 163.00 / 100 ml
Lancôme;Idôle;Eau de Parfum;CHF 46.90 / 25 ml;CHF 187.60 / 100 ml;CHF 85.90 / 25 ml
DIOR;Poison;Eau de Toilette;CHF 54.90 / 30 ml;CHF 183.00 / 100 ml;
Lancôme;La Nuit Trésor;Eau de Parfum;CHF 100.00 / 75 ml;CHF 133.33 / 100 ml;CHF 157.00 / 75 ml
Chloé;Chloé;Eau de Parfum;CHF 53.90 / 50 ml;CHF 107.80 / 100 ml;CHF 129.00 / 50 ml
Tom Ford;Private Blend Düfte;Eau de Parfum;CHF 164.00 / 50 ml;CHF 328.00 / 100 ml;
BURBERRY;My Burberry;Eau de Parfum;CHF 105.00 / 50 ml;CHF 210.00 / 100 ml;
Rituals;Damen;Eau de Parfum;CHF 59.90 / 60 ml;CHF 99.83 / 100 ml;
Ariana Grande;Ari;Eau de Parfum;CHF 40.90 / 50 ml;CHF 81.80 / 100 ml;CHF 49.90 / 50 ml
Ariana Grande;Cloud;Eau de Parfum;CHF 39.90 / 30 ml;CHF 133.00 / 100 ml;
Tom Ford;Private Blend Düfte;Eau de Parfum;CHF 99.90 / 30 ml;CHF 333.00 / 100 ml;
Paco Rabanne;Lady Million;Eau de Parfum;CHF 42.90 / 30 ml;CHF 143.00 / 100 ml;CHF 77.90 / 30 ml
DIOR;J’adore;Eau de Parfum;CHF 124.00 / 50 ml;CHF 248.00 / 100 ml;
Shirin David;Shirin David;Eau de Parfum;CHF 24.90 / 30 ml;CHF 83.00 / 100 ml;
Valentino;Born In Roma Donna;Eau de Parfum;CHF 67.90 / 30 ml;CHF 226.33 / 100 ml;CHF 92.90 / 30 ml
Hugo Boss;Das Duft-Trio;Eau de Parfum;CHF 47.90 / 75 ml;CHF 63.87 / 100 ml;CHF 126.00 / 75 ml
Hugo Boss;The Scent For Her;Eau de Parfum;CHF 84.90 / 30 ml;CHF 283.00 / 100 ml;
Carolina Herrera;Good Girl;Eau de Parfum;CHF 69.90 / 50 ml;CHF 139.80 / 100 ml;
Armani;Code Femme;Eau de Parfum;CHF 52.90 / 30 ml;CHF 176.33 / 100 ml;CHF 80.90 / 30 ml
Ariana Grande;Sweet Like Candy;Eau de Parfum;CHF 47.90 / 100 ml;CHF 47.90 / 100 ml;CHF 59.90 / 100 ml
Hugo Boss;Das Duft-Trio;Eau de Parfum;CHF 44.90 / 50 ml;CHF 89.80 / 100 ml;CHF 102.00 / 50 ml
Armani;Emporio Armani;Eau de Parfum;CHF 69.90 / 50 ml;CHF 139.80 / 100 ml;CHF 95.90 / 50 ml
Armani;Acqua di Gioia;Eau de Parfum;CHF 66.90 / 100 ml;CHF 66.90 / 100 ml;CHF 130.00 / 100 ml
Jil Sander;Sun;Eau de Toilette;CHF 29.90 / 75 ml;CHF 39.87 / 100 ml;CHF 60.90 / 75 ml
Armani;Sì;Eau de Parfum;CHF 94.90 / 50 ml;CHF 189.80 / 100 ml;CHF 129.00 / 50 ml
Yves Saint Laurent;Black Opium;Eau de Parfum;CHF 94.90 / 30 ml;CHF 316.33 / 100 ml;
Lancaster;Bath & Hair;Eau de Toilette;CHF 35.90 / 50 ml;CHF 71.80 / 100 ml;CHF 40.90 / 50 ml
BURBERRY;Burberry Her;Eau de Parfum;CHF 84.90 / 50 ml;CHF 169.80 / 100 ml;CHF 110.00 / 50 ml
Ariana Grande;Moonlight;Eau de Parfum;CHF 47.90 / 50 ml;CHF 95.80 / 100 ml;
Tom Ford;Private Blend Düfte;Eau de Parfum;CHF 486.00 / 100 ml;CHF 486.00 / 100 ml;
Guerlain;Mon Guerlain;Eau de Parfum;CHF 72.90 / 30 ml;CHF 243.00 / 100 ml;
Michael Kors;Damendüfte;Eau de Parfum;CHF 92.90 / 50 ml;CHF 185.80 / 100 ml;CHF 96.90 / 50 ml
Michael Kors;Damendüfte;Eau de Parfum;CHF 60.90 / 100 ml;CHF 60.90 / 100 ml;CHF 132.00 / 100 ml
Tom Ford;Private Blend Düfte;Eau de Parfum;CHF 191.00 / 50 ml;CHF 382.00 / 100 ml;
Tom Ford;Damen Signature Düfte;Eau de Parfum;CHF 78.90 / 50 ml;CHF 157.80 / 100 ml;
BVLGARI;Eau Parfumée au thé blanc;Eau de Cologne;CHF 89.90 / 75 ml;CHF 119.87 / 100 ml;
Jean Paul Gaultier;La Belle;Eau de Parfum;CHF 161.00 / 100 ml;CHF 161.00 / 100 ml;
Armani;Sì;Eau de Parfum;CHF 42.90 / 30 ml;CHF 143.00 / 100 ml;CHF 86.90 / 30 ml
Hugo Boss;Boss Alive;Eau de Parfum;CHF 83.90 / 30 ml;CHF 279.67 / 100 ml;
Lancôme;Sets;Duftset;CHF 46.90 / 1 pieces;CHF 46.90 / 1 pieces;CHF 63.90 / 1 pieces
DIOR;Miss Dior;Eau de Toilette;CHF 156.00 / 100 ml;CHF 156.00 / 100 ml;
Lancôme;Sets;Duftset;CHF 58.90 / 1 pieces;CHF 58.90 / 1 pieces;
Dolce&Gabbana;The Only One;Eau de Parfum;CHF 170.00 / 100 ml;CHF 170.00 / 100 ml;
Lancôme;La Nuit Trésor;Eau de Toilette;CHF 68.90 / 30 ml;CHF 229.67 / 100 ml;
Zadig & Voltaire;This is Her;Eau de Parfum;CHF 122.00 / 100 ml;CHF 122.00 / 100 ml;
Lancôme;La vie est belle;Eau de Parfum;CHF 89.90 / 75 ml;CHF 119.87 / 100 ml;CHF 157.00 / 75 ml
Yves Saint Laurent;Black Opium;Eau de Parfum;CHF 45.90 / 30 ml;CHF 153.00 / 100 ml;CHF 97.90 / 30 ml
Yves Saint Laurent;Libre;Eau de Parfum;CHF 56.90 / 30 ml;CHF 189.67 / 100 ml;CHF 97.90 / 30 ml
Armani;Sì;Eau de Parfum;CHF 83.90 / 100 ml;CHF 83.90 / 100 ml;CHF 163.00 / 100 ml
Lancôme;Idôle;Eau de Parfum;CHF 46.90 / 25 ml;CHF 187.60 / 100 ml;CHF 85.90 / 25 ml
DIOR;Poison;Eau de Toilette;CHF 54.90 / 30 ml;CHF 183.00 / 100 ml;
Lancôme;La Nuit Trésor;Eau de Parfum;CHF 100.00 / 75 ml;CHF 133.33 / 100 ml;CHF 157.00 / 75 ml
Chloé;Chloé;Eau de Parfum;CHF 53.90 / 50 ml;CHF 107.80 / 100 ml;CHF 129.00 / 50 ml
Tom Ford;Private Blend Düfte;Eau de Parfum;CHF 164.00 / 50 ml;CHF 328.00 / 100 ml;
BURBERRY;My Burberry;Eau de Parfum;CHF 105.00 / 50 ml;CHF 210.00 / 100 ml;
Rituals;Damen;Eau de Parfum;CHF 59.90 / 60 ml;CHF 99.83 / 100 ml;
Ariana Grande;Ari;Eau de Parfum;CHF 40.90 / 50 ml;CHF 81.80 / 100 ml;CHF 49.90 / 50 ml
Ariana Grande;Cloud;Eau de Parfum;CHF 39.90 / 30 ml;CHF 133.00 / 100 ml;
Tom Ford;Private Blend Düfte;Eau de Parfum;CHF 99.90 / 30 ml;CHF 333.00 / 100 ml;
Paco Rabanne;Lady Million;Eau de Parfum;CHF 42.90 / 30 ml;CHF 143.00 / 100 ml;CHF 77.90 / 30 ml
DIOR;J’adore;Eau de Parfum;CHF 124.00 / 50 ml;CHF 248.00 / 100 ml;
Shirin David;Shirin David;Eau de Parfum;CHF 24.90 / 30 ml;CHF 83.00 / 100 ml;
Valentino;Born In Roma Donna;Eau de Parfum;CHF 67.90 / 30 ml;CHF 226.33 / 100 ml;CHF 92.90 / 30 ml
Hugo Boss;Das Duft-Trio;Eau de Parfum;CHF 47.90 / 75 ml;CHF 63.87 / 100 ml;CHF 126.00 / 75 ml
Hugo Boss;The Scent For Her;Eau de Parfum;CHF 84.90 / 30 ml;CHF 283.00 / 100 ml;
Carolina Herrera;Good Girl;Eau de Parfum;CHF 69.90 / 50 ml;CHF 139.80 / 100 ml;
Armani;Code Femme;Eau de Parfum;CHF 52.90 / 30 ml;CHF 176.33 / 100 ml;CHF 80.90 / 30 ml
Ariana Grande;Sweet Like Candy;Eau de Parfum;CHF 47.90 / 100 ml;CHF 47.90 / 100 ml;CHF 59.90 / 100 ml
Hugo Boss;Das Duft-Trio;Eau de Parfum;CHF 44.90 / 50 ml;CHF 89.80 / 100 ml;CHF 102.00 / 50 ml
Armani;Emporio Armani;Eau de Parfum;CHF 69.90 / 50 ml;CHF 139.80 / 100 ml;CHF 95.90 / 50 ml
Armani;Acqua di Gioia;Eau de Parfum;CHF 66.90 / 100 ml;CHF 66.90 / 100 ml;CHF 130.00 / 100 ml
Jil Sander;Sun;Eau de Toilette;CHF 29.90 / 75 ml;CHF 39.87 / 100 ml;CHF 60.90 / 75 ml
Armani;Sì;Eau de Parfum;CHF 94.90 / 50 ml;CHF 189.80 / 100 ml;CHF 129.00 / 50 ml
Yves Saint Laurent;Black Opium;Eau de Parfum;CHF 94.90 / 30 ml;CHF 316.33 / 100 ml;
Lancaster;Bath & Hair;Eau de Toilette;CHF 35.90 / 50 ml;CHF 71.80 / 100 ml;CHF 40.90 / 50 ml
BURBERRY;Burberry Her;Eau de Parfum;CHF 84.90 / 50 ml;CHF 169.80 / 100 ml;CHF 110.00 / 50 ml
Ariana Grande;Moonlight;Eau de Parfum;CHF 47.90 / 50 ml;CHF 95.80 / 100 ml;
Tom Ford;Private Blend Düfte;Eau de Parfum;CHF 486.00 / 100 ml;CHF 486.00 / 100 ml;
Guerlain;Mon Guerlain;Eau de Parfum;CHF 72.90 / 30 ml;CHF 243.00 / 100 ml;
Michael Kors;Damendüfte;Eau de Parfum;CHF 92.90 / 50 ml;CHF 185.80 / 100 ml;CHF 96.90 / 50 ml
Michael Kors;Damendüfte;Eau de Parfum;CHF 60.90 / 100 ml;CHF 60.90 / 100 ml;CHF 132.00 / 100 ml
Tom Ford;Private Blend Düfte;Eau de Parfum;CHF 191.00 / 50 ml;CHF 382.00 / 100 ml;
Tom Ford;Damen Signature Düfte;Eau de Parfum;CHF 78.90 / 50 ml;CHF 157.80 / 100 ml;
BVLGARI;Eau Parfumée au thé blanc;Eau de Cologne;CHF 89.90 / 75 ml;CHF 119.87 / 100 ml;
Jean Paul Gaultier;La Belle;Eau de Parfum;CHF 161.00 / 100 ml;CHF 161.00 / 100 ml;
Armani;Sì;Eau de Parfum;CHF 42.90 / 30 ml;CHF 143.00 / 100 ml;CHF 86.90 / 30 ml
Hugo Boss;Boss Alive;Eau de Parfum;CHF 83.90 / 30 ml;CHF 279.67 / 100 ml;
Lancôme;Sets;Duftset;CHF 46.90 / 1 pieces;CHF 46.90 / 1 pieces;CHF 63.90 / 1 pieces
DIOR;Miss Dior;Eau de Toilette;CHF 156.00 / 100 ml;CHF 156.00 / 100 ml;
Lancôme;Sets;Duftset;CHF 58.90 / 1 pieces;CHF 58.90 / 1 pieces;
Dolce&Gabbana;The Only One;Eau de Parfum;CHF 170.00 / 100 ml;CHF 170.00 / 100 ml;
Lancôme;La Nuit Trésor;Eau de Toilette;CHF 68.90 / 30 ml;CHF 229.67 / 100 ml;
Zadig & Voltaire;This is Her;Eau de Parfum;CHF 122.00 / 100 ml;CHF 122.00 / 100 ml;
Lancôme;La vie est belle;Eau de Parfum;CHF 89.90 / 75 ml;CHF 119.87 / 100 ml;CHF 157.00 / 75 ml
Yves Saint Laurent;Black Opium;Eau de Parfum;CHF 45.90 / 30 ml;CHF 153.00 / 100 ml;CHF 97.90 / 30 ml
Yves Saint Laurent;Libre;Eau de Parfum;CHF 56.90 / 30 ml;CHF 189.67 / 100 ml;CHF 97.90 / 30 ml
Armani;Sì;Eau de Parfum;CHF 83.90 / 100 ml;CHF 83.90 / 100 ml;CHF 163.00 / 100 ml
Lancôme;Idôle;Eau de Parfum;CHF 46.90 / 25 ml;CHF 187.60 / 100 ml;CHF 85.90 / 25 ml
DIOR;Poison;Eau de Toilette;CHF 54.90 / 30 ml;CHF 183.00 / 100 ml;
Lancôme;La Nuit Trésor;Eau de Parfum;CHF 100.00 / 75 ml;CHF 133.33 / 100 ml;CHF 157.00 / 75 ml
Chloé;Chloé;Eau de Parfum;CHF 53.90 / 50 ml;CHF 107.80 / 100 ml;CHF 129.00 / 50 ml
Tom Ford;Private Blend Düfte;Eau de Parfum;CHF 164.00 / 50 ml;CHF 328.00 / 100 ml;
BURBERRY;My Burberry;Eau de Parfum;CHF 105.00 / 50 ml;CHF 210.00 / 100 ml;
Rituals;Damen;Eau de Parfum;CHF 59.90 / 60 ml;CHF 99.83 / 100 ml;
Ariana Grande;Ari;Eau de Parfum;CHF 40.90 / 50 ml;CHF 81.80 / 100 ml;CHF 49.90 / 50 ml
Ariana Grande;Cloud;Eau de Parfum;CHF 39.90 / 30 ml;CHF 133.00 / 100 ml;
Tom Ford;Private Blend Düfte;Eau de Parfum;CHF 99.90 / 30 ml;CHF 333.00 / 100 ml;
Paco Rabanne;Lady Million;Eau de Parfum;CHF 42.90 / 30 ml;CHF 143.00 / 100 ml;CHF 77.90 / 30 ml
DIOR;J’adore;Eau de Parfum;CHF 124.00 / 50 ml;CHF 248.00 / 100 ml;
Shirin David;Shirin David;Eau de Parfum;CHF 24.90 / 30 ml;CHF 83.00 / 100 ml;
Valentino;Born In Roma Donna;Eau de Parfum;CHF 67.90 / 30 ml;CHF 226.33 / 100 ml;CHF 92.90 / 30 ml
Hugo Boss;Das Duft-Trio;Eau de Parfum;CHF 47.90 / 75 ml;CHF 63.87 / 100 ml;CHF 126.00 / 75 ml
Hugo Boss;The Scent For Her;Eau de Parfum;CHF 84.90 / 30 ml;CHF 283.00 / 100 ml;
Carolina Herrera;Good Girl;Eau de Parfum;CHF 69.90 / 50 ml;CHF 139.80 / 100 ml;
Armani;Code Femme;Eau de Parfum;CHF 52.90 / 30 ml;CHF 176.33 / 100 ml;CHF 80.90 / 30 ml
Ariana Grande;Sweet Like Candy;Eau de Parfum;CHF 47.90 / 100 ml;CHF 47.90 / 100 ml;CHF 59.90 / 100 ml
Hugo Boss;Das Duft-Trio;Eau de Parfum;CHF 44.90 / 50 ml;CHF 89.80 / 100 ml;CHF 102.00 / 50 ml
Armani;Emporio Armani;Eau de Parfum;CHF 69.90 / 50 ml;CHF 139.80 / 100 ml;CHF 95.90 / 50 ml
Armani;Acqua di Gioia;Eau de Parfum;CHF 66.90 / 100 ml;CHF 66.90 / 100 ml;CHF 130.00 / 100 ml
Jil Sander;Sun;Eau de Toilette;CHF 29.90 / 75 ml;CHF 39.87 / 100 ml;CHF 60.90 / 75 ml
Armani;Sì;Eau de Parfum;CHF 94.90 / 50 ml;CHF 189.80 / 100 ml;CHF 129.00 / 50 ml
Yves Saint Laurent;Black Opium;Eau de Parfum;CHF 94.90 / 30 ml;CHF 316.33 / 100 ml;
Lancaster;Bath & Hair;Eau de Toilette;CHF 35.90 / 50 ml;CHF 71.80 / 100 ml;CHF 40.90 / 50 ml
BURBERRY;Burberry Her;Eau de Parfum;CHF 84.90 / 50 ml;CHF 169.80 / 100 ml;CHF 110.00 / 50 ml
Ariana Grande;Moonlight;Eau de Parfum;CHF 47.90 / 50 ml;CHF 95.80 / 100 ml;
Tom Ford;Private Blend Düfte;Eau de Parfum;CHF 486.00 / 100 ml;CHF 486.00 / 100 ml;
Guerlain;Mon Guerlain;Eau de Parfum;CHF 72.90 / 30 ml;CHF 243.00 / 100 ml;
Michael Kors;Damendüfte;Eau de Parfum;CHF 92.90 / 50 ml;CHF 185.80 / 100 ml;CHF 96.90 / 50 ml
Michael Kors;Damendüfte;Eau de Parfum;CHF 60.90 / 100 ml;CHF 60.90 / 100 ml;CHF 132.00 / 100 ml
Tom Ford;Private Blend Düfte;Eau de Parfum;CHF 191.00 / 50 ml;CHF 382.00 / 100 ml;
Tom Ford;Damen Signature Düfte;Eau de Parfum;CHF 78.90 / 50 ml;CHF 157.80 / 100 ml;
BVLGARI;Eau Parfumée au thé blanc;Eau de Cologne;CHF 89.90 / 75 ml;CHF 119.87 / 100 ml;
Jean Paul Gaultier;La Belle;Eau de Parfum;CHF 161.00 / 100 ml;CHF 161.00 / 100 ml;
Armani;Sì;Eau de Parfum;CHF 42.90 / 30 ml;CHF 143.00 / 100 ml;CHF 86.90 / 30 ml
Hugo Boss;Boss Alive;Eau de Parfum;CHF 83.90 / 30 ml;CHF 279.67 / 100 ml;
Lancôme;Sets;Duftset;CHF 46.90 / 1 pieces;CHF 46.90 / 1 pieces;CHF 63.90 / 1 pieces
DIOR;Miss Dior;Eau de Toilette;CHF 156.00 / 100 ml;CHF 156.00 / 100 ml;
Lancôme;Sets;Duftset;CHF 58.90 / 1 pieces;CHF 58.90 / 1 pieces;
Dolce&Gabbana;The Only One;Eau de Parfum;CHF 170.00 / 100 ml;CHF 170.00 / 100 ml;
Lancôme;La Nuit Trésor;Eau de Toilette;CHF 68.90 / 30 ml;CHF 229.67 / 100 ml;
Zadig & Voltaire;This is Her;Eau de Parfum;CHF 122.00 / 100 ml;CHF 122.00 / 100 ml;
Lancôme;La vie est belle;Eau de Parfum;CHF 89.90 / 75 ml;CHF 119.87 / 100 ml;CHF 157.00 / 75 ml
Yves Saint Laurent;Black Opium;Eau de Parfum;CHF 45.90 / 30 ml;CHF 153.00 / 100 ml;CHF 97.90 / 30 ml
Yves Saint Laurent;Libre;Eau de Parfum;CHF 56.90 / 30 ml;CHF 189.67 / 100 ml;CHF 97.90 / 30 ml
Armani;Sì;Eau de Parfum;CHF 83.90 / 100 ml;CHF 83.90 / 100 ml;CHF 163.00 / 100 ml
Lancôme;Idôle;Eau de Parfum;CHF 46.90 / 25 ml;CHF 187.60 / 100 ml;CHF 85.90 / 25 ml
DIOR;Poison;Eau de Toilette;CHF 54.90 / 30 ml;CHF 183.00 / 100 ml;
Lancôme;La Nuit Trésor;Eau de Parfum;CHF 100.00 / 75 ml;CHF 133.33 / 100 ml;CHF 157.00 / 75 ml
Chloé;Chloé;Eau de Parfum;CHF 53.90 / 50 ml;CHF 107.80 / 100 ml;CHF 129.00 / 50 ml
Tom Ford;Private Blend Düfte;Eau de Parfum;CHF 164.00 / 50 ml;CHF 328.00 / 100 ml;
BURBERRY;My Burberry;Eau de Parfum;CHF 105.00 / 50 ml;CHF 210.00 / 100 ml;
Rituals;Damen;Eau de Parfum;CHF 59.90 / 60 ml;CHF 99.83 / 100 ml;
Ariana Grande;Ari;Eau de Parfum;CHF 40.90 / 50 ml;CHF 81.80 / 100 ml;CHF 49.90 / 50 ml
Ariana Grande;Cloud;Eau de Parfum;CHF 39.90 / 30 ml;CHF 133.00 / 100 ml;
Tom Ford;Private Blend Düfte;Eau de Parfum;CHF 99.90 / 30 ml;CHF 333.00 / 100 ml;
Paco Rabanne;Lady Million;Eau de Parfum;CHF 42.90 / 30 ml;CHF 143.00 / 100 ml;CHF 77.90 / 30 ml
DIOR;J’adore;Eau de Parfum;CHF 124.00 / 50 ml;CHF 248.00 / 100 ml;
Shirin David;Shirin David;Eau de Parfum;CHF 24.90 / 30 ml;CHF 83.00 / 100 ml;
Valentino;Born In Roma Donna;Eau de Parfum;CHF 67.90 / 30 ml;CHF 226.33 / 100 ml;CHF 92.90 / 30 ml
Hugo Boss;Das Duft-Trio;Eau de Parfum;CHF 47.90 / 75 ml;CHF 63.87 / 100 ml;CHF 126.00 / 75 ml
Hugo Boss;The Scent For Her;Eau de Parfum;CHF 84.90 / 30 ml;CHF 283.00 / 100 ml;
Carolina Herrera;Good Girl;Eau de Parfum;CHF 69.90 / 50 ml;CHF 139.80 / 100 ml;
Armani;Code Femme;Eau de Parfum;CHF 52.90 / 30 ml;CHF 176.33 / 100 ml;CHF 80.90 / 30 ml
Ariana Grande;Sweet Like Candy;Eau de Parfum;CHF 47.90 / 100 ml;CHF 47.90 / 100 ml;CHF 59.90 / 100 ml
Hugo Boss;Das Duft-Trio;Eau de Parfum;CHF 44.90 / 50 ml;CHF 89.80 / 100 ml;CHF 102.00 / 50 ml
Armani;Emporio Armani;Eau de Parfum;CHF 69.90 / 50 ml;CHF 139.80 / 100 ml;CHF 95.90 / 50 ml
Armani;Acqua di Gioia;Eau de Parfum;CHF 66.90 / 100 ml;CHF 66.90 / 100 ml;CHF 130.00 / 100 ml
Jil Sander;Sun;Eau de Toilette;CHF 29.90 / 75 ml;CHF 39.87 / 100 ml;CHF 60.90 / 75 ml
Armani;Sì;Eau de Parfum;CHF 94.90 / 50 ml;CHF 189.80 / 100 ml;CHF 129.00 / 50 ml
Yves Saint Laurent;Black Opium;Eau de Parfum;CHF 94.90 / 30 ml;CHF 316.33 / 100 ml;
Lancaster;Bath & Hair;Eau de Toilette;CHF 35.90 / 50 ml;CHF 71.80 / 100 ml;CHF 40.90 / 50 ml
BURBERRY;Burberry Her;Eau de Parfum;CHF 84.90 / 50 ml;CHF 169.80 / 100 ml;CHF 110.00 / 50 ml
Ariana Grande;Moonlight;Eau de Parfum;CHF 47.90 / 50 ml;CHF 95.80 / 100 ml;
Tom Ford;Private Blend Düfte;Eau de Parfum;CHF 486.00 / 100 ml;CHF 486.00 / 100 ml;
Guerlain;Mon Guerlain;Eau de Parfum;CHF 72.90 / 30 ml;CHF 243.00 / 100 ml;
Michael Kors;Damendüfte;Eau de Parfum;CHF 92.90 / 50 ml;CHF 185.80 / 100 ml;CHF 96.90 / 50 ml
Michael Kors;Damendüfte;Eau de Parfum;CHF 60.90 / 100 ml;CHF 60.90 / 100 ml;CHF 132.00 / 100 ml
Tom Ford;Private Blend Düfte;Eau de Parfum;CHF 191.00 / 50 ml;CHF 382.00 / 100 ml;
Tom Ford;Damen Signature Düfte;Eau de Parfum;CHF 78.90 / 50 ml;CHF 157.80 / 100 ml;
BVLGARI;Eau Parfumée au thé blanc;Eau de Cologne;CHF 89.90 / 75 ml;CHF 119.87 / 100 ml;
Jean Paul Gaultier;La Belle;Eau de Parfum;CHF 161.00 / 100 ml;CHF 161.00 / 100 ml;
Armani;Sì;Eau de Parfum;CHF 42.90 / 30 ml;CHF 143.00 / 100 ml;CHF 86.90 / 30 ml
Hugo Boss;Boss Alive;Eau de Parfum;CHF 83.90 / 30 ml;CHF 279.67 / 100 ml;
Lancôme;Sets;Duftset;CHF 46.90 / 1 pieces;CHF 46.90 / 1 pieces;CHF 63.90 / 1 pieces
DIOR;Miss Dior;Eau de Toilette;CHF 156.00 / 100 ml;CHF 156.00 / 100 ml;
Lancôme;Sets;Duftset;CHF 58.90 / 1 pieces;CHF 58.90 / 1 pieces;
Dolce&Gabbana;The Only One;Eau de Parfum;CHF 170.00 / 100 ml;CHF 170.00 / 100 ml;
Lancôme;La Nuit Trésor;Eau de Toilette;CHF 68.90 / 30 ml;CHF 229.67 / 100 ml;
Zadig & Voltaire;This is Her;Eau de Parfum;CHF 122.00 / 100 ml;CHF 122.00 / 100 ml;
Lancôme;La vie est belle;Eau de Parfum;CHF 89.90 / 75 ml;CHF 119.87 / 100 ml;CHF 157.00 / 75 ml
Yves Saint Laurent;Black Opium;Eau de Parfum;CHF 45.90 / 30 ml;CHF 153.00 / 100 ml;CHF 97.90 / 30 ml
Yves Saint Laurent;Libre;Eau de Parfum;CHF 56.90 / 30 ml;CHF 189.67 / 100 ml;CHF 97.90 / 30 ml
Armani;Sì;Eau de Parfum;CHF 83.90 / 100 ml;CHF 83.90 / 100 ml;CHF 163.00 / 100 ml
Lancôme;Idôle;Eau de Parfum;CHF 46.90 / 25 ml;CHF 187.60 / 100 ml;CHF 85.90 / 25 ml
DIOR;Poison;Eau de Toilette;CHF 54.90 / 30 ml;CHF 183.00 / 100 ml;
Lancôme;La Nuit Trésor;Eau de Parfum;CHF 100.00 / 75 ml;CHF 133.33 / 100 ml;CHF 157.00 / 75 ml
Chloé;Chloé;Eau de Parfum;CHF 53.90 / 50 ml;CHF 107.80 / 100 ml;CHF 129.00 / 50 ml
Tom Ford;Private Blend Düfte;Eau de Parfum;CHF 164.00 / 50 ml;CHF 328.00 / 100 ml;
BURBERRY;My Burberry;Eau de Parfum;CHF 105.00 / 50 ml;CHF 210.00 / 100 ml;
Rituals;Damen;Eau de Parfum;CHF 59.90 / 60 ml;CHF 99.83 / 100 ml;
Ariana Grande;Ari;Eau de Parfum;CHF 40.90 / 50 ml;CHF 81.80 / 100 ml;CHF 49.90 / 50 ml
Ariana Grande;Cloud;Eau de Parfum;CHF 39.90 / 30 ml;CHF 133.00 / 100 ml;
Tom Ford;Private Blend Düfte;Eau de Parfum;CHF 99.90 / 30 ml;CHF 333.00 / 100 ml;
Paco Rabanne;Lady Million;Eau de Parfum;CHF 42.90 / 30 ml;CHF 143.00 / 100 ml;CHF 77.90 / 30 ml
DIOR;J’adore;Eau de Parfum;CHF 124.00 / 50 ml;CHF 248.00 / 100 ml;
Shirin David;Shirin David;Eau de Parfum;CHF 24.90 / 30 ml;CHF 83.00 / 100 ml;
Valentino;Born In Roma Donna;Eau de Parfum;CHF 67.90 / 30 ml;CHF 226.33 / 100 ml;CHF 92.90 / 30 ml
Hugo Boss;Das Duft-Trio;Eau de Parfum;CHF 47.90 / 75 ml;CHF 63.87 / 100 ml;CHF 126.00 / 75 ml
Hugo Boss;The Scent For Her;Eau de Parfum;CHF 84.90 / 30 ml;CHF 283.00 / 100 ml;
Carolina Herrera;Good Girl;Eau de Parfum;CHF 69.90 / 50 ml;CHF 139.80 / 100 ml;
Armani;Code Femme;Eau de Parfum;CHF 52.90 / 30 ml;CHF 176.33 / 100 ml;CHF 80.90 / 30 ml
Ariana Grande;Sweet Like Candy;Eau de Parfum;CHF 47.90 / 100 ml;CHF 47.90 / 100 ml;CHF 59.90 / 100 ml
Hugo Boss;Das Duft-Trio;Eau de Parfum;CHF 44.90 / 50 ml;CHF 89.80 / 100 ml;CHF 102.00 / 50 ml
Armani;Emporio Armani;Eau de Parfum;CHF 69.90 / 50 ml;CHF 139.80 / 100 ml;CHF 95.90 / 50 ml
Armani;Acqua di Gioia;Eau de Parfum;CHF 66.90 / 100 ml;CHF 66.90 / 100 ml;CHF 130.00 / 100 ml
Jil Sander;Sun;Eau de Toilette;CHF 29.90 / 75 ml;CHF 39.87 / 100 ml;CHF 60.90 / 75 ml
Armani;Sì;Eau de Parfum;CHF 94.90 / 50 ml;CHF 189.80 / 100 ml;CHF 129.00 / 50 ml
Yves Saint Laurent;Black Opium;Eau de Parfum;CHF 94.90 / 30 ml;CHF 316.33 / 100 ml;
Lancaster;Bath & Hair;Eau de Toilette;CHF 35.90 / 50 ml;CHF 71.80 / 100 ml;CHF 40.90 / 50 ml
BURBERRY;Burberry Her;Eau de Parfum;CHF 84.90 / 50 ml;CHF 169.80 / 100 ml;CHF 110.00 / 50 ml
Ariana Grande;Moonlight;Eau de Parfum;CHF 47.90 / 50 ml;CHF 95.80 / 100 ml;
Tom Ford;Private Blend Düfte;Eau de Parfum;CHF 486.00 / 100 ml;CHF 486.00 / 100 ml;
Guerlain;Mon Guerlain;Eau de Parfum;CHF 72.90 / 30 ml;CHF 243.00 / 100 ml;
Michael Kors;Damendüfte;Eau de Parfum;CHF 92.90 / 50 ml;CHF 185.80 / 100 ml;CHF 96.90 / 50 ml
Michael Kors;Damendüfte;Eau de Parfum;CHF 60.90 / 100 ml;CHF 60.90 / 100 ml;CHF 132.00 / 100 ml
Tom Ford;Private Blend Düfte;Eau de Parfum;CHF 191.00 / 50 ml;CHF 382.00 / 100 ml;
Tom Ford;Damen Signature Düfte;Eau de Parfum;CHF 78.90 / 50 ml;CHF 157.80 / 100 ml;
BVLGARI;Eau Parfumée au thé blanc;Eau de Cologne;CHF 89.90 / 75 ml;CHF 119.87 / 100 ml;
Jean Paul Gaultier;La Belle;Eau de Parfum;CHF 161.00 / 100 ml;CHF 161.00 / 100 ml;
Armani;Sì;Eau de Parfum;CHF 42.90 / 30 ml;CHF 143.00 / 100 ml;CHF 86.90 / 30 ml
Hugo Boss;Boss Alive;Eau de Parfum;CHF 83.90 / 30 ml;CHF 279.67 / 100 ml;
Lancôme;Sets;Duftset;CHF 46.90 / 1 pieces;CHF 46.90 / 1 pieces;CHF 63.90 / 1 pieces
DIOR;Miss Dior;Eau de Toilette;CHF 156.00 / 100 ml;CHF 156.00 / 100 ml;
Lancôme;Sets;Duftset;CHF 58.90 / 1 pieces;CHF 58.90 / 1 pieces;
Dolce&Gabbana;The Only One;Eau de Parfum;CHF 170.00 / 100 ml;CHF 170.00 / 100 ml;
Lancôme;La Nuit Trésor;Eau de Toilette;CHF 68.90 / 30 ml;CHF 229.67 / 100 ml;
Zadig & Voltaire;This is Her;Eau de Parfum;CHF 122.00 / 100 ml;CHF 122.00 / 100 ml;
Lancôme;La vie est belle;Eau de Parfum;CHF 89.90 / 75 ml;CHF 119.87 / 100 ml;CHF 157.00 / 75 ml
Yves Saint Laurent;Black Opium;Eau de Parfum;CHF 45.90 / 30 ml;CHF 153.00 / 100 ml;CHF 97.90 / 30 ml
Yves Saint Laurent;Libre;Eau de Parfum;CHF 56.90 / 30 ml;CHF 189.67 / 100 ml;CHF 97.90 / 30 ml
Armani;Sì;Eau de Parfum;CHF 83.90 / 100 ml;CHF 83.90 / 100 ml;CHF 163.00 / 100 ml
Lancôme;Idôle;Eau de Parfum;CHF 46.90 / 25 ml;CHF 187.60 / 100 ml;CHF 85.90 / 25 ml
DIOR;Poison;Eau de Toilette;CHF 54.90 / 30 ml;CHF 183.00 / 100 ml;
Lancôme;La Nuit Trésor;Eau de Parfum;CHF 100.00 / 75 ml;CHF 133.33 / 100 ml;CHF 157.00 / 75 ml
Chloé;Chloé;Eau de Parfum;CHF 53.90 / 50 ml;CHF 107.80 / 100 ml;CHF 129.00 / 50 ml
Tom Ford;Private Blend Düfte;Eau de Parfum;CHF 164.00 / 50 ml;CHF 328.00 / 100 ml;
BURBERRY;My Burberry;Eau de Parfum;CHF 105.00 / 50 ml;CHF 210.00 / 100 ml;
Rituals;Damen;Eau de Parfum;CHF 59.90 / 60 ml;CHF 99.83 / 100 ml;
Ariana Grande;Ari;Eau de Parfum;CHF 40.90 / 50 ml;CHF 81.80 / 100 ml;CHF 49.90 / 50 ml
Ariana Grande;Cloud;Eau de Parfum;CHF 39.90 / 30 ml;CHF 133.00 / 100 ml;
Tom Ford;Private Blend Düfte;Eau de Parfum;CHF 99.90 / 30 ml;CHF 333.00 / 100 ml;
Paco Rabanne;Lady Million;Eau de Parfum;CHF 42.90 / 30 ml;CHF 143.00 / 100 ml;CHF 77.90 / 30 ml
DIOR;J’adore;Eau de Parfum;CHF 124.00 / 50 ml;CHF 248.00 / 100 ml;
Shirin David;Shirin David;Eau de Parfum;CHF 24.90 / 30 ml;CHF 83.00 / 100 ml;
Valentino;Born In Roma Donna;Eau de Parfum;CHF 67.90 / 30 ml;CHF 226.33 / 100 ml;CHF 92.90 / 30 ml
Hugo Boss;Das Duft-Trio;Eau de Parfum;CHF 47.90 / 75 ml;CHF 63.87 / 100 ml;CHF 126.00 / 75 ml
Hugo Boss;The Scent For Her;Eau de Parfum;CHF 84.90 / 30 ml;CHF 283.00 / 100 ml;
Carolina Herrera;Good Girl;Eau de Parfum;CHF 69.90 / 50 ml;CHF 139.80 / 100 ml;
Armani;Code Femme;Eau de Parfum;CHF 52.90 / 30 ml;CHF 176.33 / 100 ml;CHF 80.90 / 30 ml
Ariana Grande;Sweet Like Candy;Eau de Parfum;CHF 47.90 / 100 ml;CHF 47.90 / 100 ml;CHF 59.90 / 100 ml
Hugo Boss;Das Duft-Trio;Eau de Parfum;CHF 44.90 / 50 ml;CHF 89.80 / 100 ml;CHF 102.00 / 50 ml
Armani;Emporio Armani;Eau de Parfum;CHF 69.90 / 50 ml;CHF 139.80 / 100 ml;CHF 95.90 / 50 ml
Armani;Acqua di Gioia;Eau de Parfum;CHF 66.90 / 100 ml;CHF 66.90 / 100 ml;CHF 130.00 / 100 ml
Jil Sander;Sun;Eau de Toilette;CHF 29.90 / 75 ml;CHF 39.87 / 100 ml;CHF 60.90 / 75 ml
Armani;Sì;Eau de Parfum;CHF 94.90 / 50 ml;CHF 189.80 / 100 ml;CHF 129.00 / 50 ml
Yves Saint Laurent;Black Opium;Eau de Parfum;CHF 94.90 / 30 ml;CHF 316.33 / 100 ml;
Lancaster;Bath & Hair;Eau de Toilette;CHF 35.90 / 50 ml;CHF 71.80 / 100 ml;CHF 40.90 / 50 ml
BURBERRY;Burberry Her;Eau de Parfum;CHF 84.90 / 50 ml;CHF 169.80 / 100 ml;CHF 110.00 / 50 ml
Ariana Grande;Moonlight;Eau de Parfum;CHF 47.90 / 50 ml;CHF 95.80 / 100 ml;
Tom Ford;Private Blend Düfte;Eau de Parfum;CHF 486.00 / 100 ml;CHF 486.00 / 100 ml;
Guerlain;Mon Guerlain;Eau de Parfum;CHF 72.90 / 30 ml;CHF 243.00 / 100 ml;
Michael Kors;Damendüfte;Eau de Parfum;CHF 92.90 / 50 ml;CHF 185.80 / 100 ml;CHF 96.90 / 50 ml
Michael Kors;Damendüfte;Eau de Parfum;CHF 60.90 / 100 ml;CHF 60.90 / 100 ml;CHF 132.00 / 100 ml
Tom Ford;Private Blend Düfte;Eau de Parfum;CHF 191.00 / 50 ml;CHF 382.00 / 100 ml;
Tom Ford;Damen Signature Düfte;Eau de Parfum;CHF 78.90 / 50 ml;CHF 157.80 / 100 ml;
BVLGARI;Eau Parfumée au thé blanc;Eau de Cologne;CHF 89.90 / 75 ml;CHF 119.87 / 100 ml;
Jean Paul Gaultier;La Belle;Eau de Parfum;CHF 161.00 / 100 ml;CHF 161.00 / 100 ml;
Armani;Sì;Eau de Parfum;CHF 42.90 / 30 ml;CHF 143.00 / 100 ml;CHF 86.90 / 30 ml
Hugo Boss;Boss Alive;Eau de Parfum;CHF 83.90 / 30 ml;CHF 279.67 / 100 ml;
Lancôme;Sets;Duftset;CHF 46.90 / 1 pieces;CHF 46.90 / 1 pieces;CHF 63.90 / 1 pieces
DIOR;Miss Dior;Eau de Toilette;CHF 156.00 / 100 ml;CHF 156.00 / 100 ml;
Lancôme;Sets;Duftset;CHF 58.90 / 1 pieces;CHF 58.90 / 1 pieces;
Dolce&Gabbana;The Only One;Eau de Parfum;CHF 170.00 / 100 ml;CHF 170.00 / 100 ml;
Lancôme;La Nuit Trésor;Eau de Toilette;CHF 68.90 / 30 ml;CHF 229.67 / 100 ml;
Zadig & Voltaire;This is Her;Eau de Parfum;CHF 122.00 / 100 ml;CHF 122.00 / 100 ml;
Lancôme;La vie est belle;Eau de Parfum;CHF 89.90 / 75 ml;CHF 119.87 / 100 ml;CHF 157.00 / 75 ml
Yves Saint Laurent;Black Opium;Eau de Parfum;CHF 45.90 / 30 ml;CHF 153.00 / 100 ml;CHF 97.90 / 30 ml
Yves Saint Laurent;Libre;Eau de Parfum;CHF 56.90 / 30 ml;CHF 189.67 / 100 ml;CHF 97.90 / 30 ml
Armani;Sì;Eau de Parfum;CHF 83.90 / 100 ml;CHF 83.90 / 100 ml;CHF 163.00 / 100 ml
Lancôme;Idôle;Eau de Parfum;CHF 46.90 / 25 ml;CHF 187.60 / 100 ml;CHF 85.90 / 25 ml
DIOR;Poison;Eau de Toilette;CHF 54.90 / 30 ml;CHF 183.00 / 100 ml;
Lancôme;La Nuit Trésor;Eau de Parfum;CHF 100.00 / 75 ml;CHF 133.33 / 100 ml;CHF 157.00 / 75 ml
Chloé;Chloé;Eau de Parfum;CHF 53.90 / 50 ml;CHF 107.80 / 100 ml;CHF 129.00 / 50 ml
Tom Ford;Private Blend Düfte;Eau de Parfum;CHF 164.00 / 50 ml;CHF 328.00 / 100 ml;
BURBERRY;My Burberry;Eau de Parfum;CHF 105.00 / 50 ml;CHF 210.00 / 100 ml;
Rituals;Damen;Eau de Parfum;CHF 59.90 / 60 ml;CHF 99.83 / 100 ml;
Ariana Grande;Ari;Eau de Parfum;CHF 40.90 / 50 ml;CHF 81.80 / 100 ml;CHF 49.90 / 50 ml
Ariana Grande;Cloud;Eau de Parfum;CHF 39.90 / 30 ml;CHF 133.00 / 100 ml;
Tom Ford;Private Blend Düfte;Eau de Parfum;CHF 99.90 / 30 ml;CHF 333.00 / 100 ml;
Paco Rabanne;Lady Million;Eau de Parfum;CHF 42.90 / 30 ml;CHF 143.00 / 100 ml;CHF 77.90 / 30 ml
DIOR;J’adore;Eau de Parfum;CHF 124.00 / 50 ml;CHF 248.00 / 100 ml;
Shirin David;Shirin David;Eau de Parfum;CHF 24.90 / 30 ml;CHF 83.00 / 100 ml;
Valentino;Born In Roma Donna;Eau de Parfum;CHF 67.90 / 30 ml;CHF 226.33 / 100 ml;CHF 92.90 / 30 ml
Hugo Boss;Das Duft-Trio;Eau de Parfum;CHF 47.90 / 75 ml;CHF 63.87 / 100 ml;CHF 126.00 / 75 ml
Hugo Boss;The Scent For Her;Eau de Parfum;CHF 84.90 / 30 ml;CHF 283.00 / 100 ml;
Carolina Herrera;Good Girl;Eau de Parfum;CHF 69.90 / 50 ml;CHF 139.80 / 100 ml;
Armani;Code Femme;Eau de Parfum;CHF 52.90 / 30 ml;CHF 176.33 / 100 ml;CHF 80.90 / 30 ml
Ariana Grande;Sweet Like Candy;Eau de Parfum;CHF 47.90 / 100 ml;CHF 47.90 / 100 ml;CHF 59.90 / 100 ml
Hugo Boss;Das Duft-Trio;Eau de Parfum;CHF 44.90 / 50 ml;CHF 89.80 / 100 ml;CHF 102.00 / 50 ml
Armani;Emporio Armani;Eau de Parfum;CHF 69.90 / 50 ml;CHF 139.80 / 100 ml;CHF 95.90 / 50 ml
Armani;Acqua di Gioia;Eau de Parfum;CHF 66.90 / 100 ml;CHF 66.90 / 100 ml;CHF 130.00 / 100 ml
Jil Sander;Sun;Eau de Toilette;CHF 29.90 / 75 ml;CHF 39.87 / 100 ml;CHF 60.90 / 75 ml
Armani;Sì;Eau de Parfum;CHF 94.90 / 50 ml;CHF 189.80 / 100 ml;CHF 129.00 / 50 ml
Yves Saint Laurent;Black Opium;Eau de Parfum;CHF 94.90 / 30 ml;CHF 316.33 / 100 ml;
Lancaster;Bath & Hair;Eau de Toilette;CHF 35.90 / 50 ml;CHF 71.80 / 100 ml;CHF 40.90 / 50 ml
BURBERRY;Burberry Her;Eau de Parfum;CHF 84.90 / 50 ml;CHF 169.80 / 100 ml;CHF 110.00 / 50 ml
Ariana Grande;Moonlight;Eau de Parfum;CHF 47.90 / 50 ml;CHF 95.80 / 100 ml;
Tom Ford;Private Blend Düfte;Eau de Parfum;CHF 486.00 / 100 ml;CHF 486.00 / 100 ml;
Guerlain;Mon Guerlain;Eau de Parfum;CHF 72.90 / 30 ml;CHF 243.00 / 100 ml;
Michael Kors;Damendüfte;Eau de Parfum;CHF 92.90 / 50 ml;CHF 185.80 / 100 ml;CHF 96.90 / 50 ml
Michael Kors;Damendüfte;Eau de Parfum;CHF 60.90 / 100 ml;CHF 60.90 / 100 ml;CHF 132.00 / 100 ml
Tom Ford;Private Blend Düfte;Eau de Parfum;CHF 191.00 / 50 ml;CHF 382.00 / 100 ml;
Tom Ford;Damen Signature Düfte;Eau de Parfum;CHF 78.90 / 50 ml;CHF 157.80 / 100 ml;
BVLGARI;Eau Parfumée au thé blanc;Eau de Cologne;CHF 89.90 / 75 ml;CHF 119.87 / 100 ml;
Jean Paul Gaultier;La Belle;Eau de Parfum;CHF 161.00 / 100 ml;CHF 161.00 / 100 ml;
Armani;Sì;Eau de Parfum;CHF 42.90 / 30 ml;CHF 143.00 / 100 ml;CHF 86.90 / 30 ml
Hugo Boss;Boss Alive;Eau de Parfum;CHF 83.90 / 30 ml;CHF 279.67 / 100 ml;
Lancôme;Sets;Duftset;CHF 46.90 / 1 pieces;CHF 46.90 / 1 pieces;CHF 63.90 / 1 pieces
DIOR;Miss Dior;Eau de Toilette;CHF 156.00 / 100 ml;CHF 156.00 / 100 ml;
Lancôme;Sets;Duftset;CHF 58.90 / 1 pieces;CHF 58.90 / 1 pieces;
Dolce&Gabbana;The Only One;Eau de Parfum;CHF 170.00 / 100 ml;CHF 170.00 / 100 ml;
Lancôme;La Nuit Trésor;Eau de Toilette;CHF 68.90 / 30 ml;CHF 229.67 / 100 ml;
Zadig & Voltaire;This is Her;Eau de Parfum;CHF 122.00 / 100 ml;CHF 122.00 / 100 ml;
Lancôme;La vie est belle;Eau de Parfum;CHF 89.90 / 75 ml;CHF 119.87 / 100 ml;CHF 157.00 / 75 ml
Yves Saint Laurent;Black Opium;Eau de Parfum;CHF 45.90 / 30 ml;CHF 153.00 / 100 ml;CHF 97.90 / 30 ml
Yves Saint Laurent;Libre;Eau de Parfum;CHF 56.90 / 30 ml;CHF 189.67 / 100 ml;CHF 97.90 / 30 ml
Armani;Sì;Eau de Parfum;CHF 83.90 / 100 ml;CHF 83.90 / 100 ml;CHF 163.00 / 100 ml
Lancôme;Idôle;Eau de Parfum;CHF 46.90 / 25 ml;CHF 187.60 / 100 ml;CHF 85.90 / 25 ml
DIOR;Poison;Eau de Toilette;CHF 54.90 / 30 ml;CHF 183.00 / 100 ml;
Lancôme;La Nuit Trésor;Eau de Parfum;CHF 100.00 / 75 ml;CHF 133.33 / 100 ml;CHF 157.00 / 75 ml
Chloé;Chloé;Eau de Parfum;CHF 53.90 / 50 ml;CHF 107.80 / 100 ml;CHF 129.00 / 50 ml
Tom Ford;Private Blend Düfte;Eau de Parfum;CHF 164.00 / 50 ml;CHF 328.00 / 100 ml;
BURBERRY;My Burberry;Eau de Parfum;CHF 105.00 / 50 ml;CHF 210.00 / 100 ml;
Rituals;Damen;Eau de Parfum;CHF 59.90 / 60 ml;CHF 99.83 / 100 ml;
Ariana Grande;Ari;Eau de Parfum;CHF 40.90 / 50 ml;CHF 81.80 / 100 ml;CHF 49.90 / 50 ml
Ariana Grande;Cloud;Eau de Parfum;CHF 39.90 / 30 ml;CHF 133.00 / 100 ml;
Tom Ford;Private Blend Düfte;Eau de Parfum;CHF 99.90 / 30 ml;CHF 333.00 / 100 ml;
Paco Rabanne;Lady Million;Eau de Parfum;CHF 42.90 / 30 ml;CHF 143.00 / 100 ml;CHF 77.90 / 30 ml
DIOR;J’adore;Eau de Parfum;CHF 124.00 / 50 ml;CHF 248.00 / 100 ml;
Shirin David;Shirin David;Eau de Parfum;CHF 24.90 / 30 ml;CHF 83.00 / 100 ml;
Valentino;Born In Roma Donna;Eau de Parfum;CHF 67.90 / 30 ml;CHF 226.33 / 100 ml;CHF 92.90 / 30 ml
Hugo Boss;Das Duft-Trio;Eau de Parfum;CHF 47.90 / 75 ml;CHF 63.87 / 100 ml;CHF 126.00 / 75 ml
Hugo Boss;The Scent For Her;Eau de Parfum;CHF 84.90 / 30 ml;CHF 283.00 / 100 ml;
Carolina Herrera;Good Girl;Eau de Parfum;CHF 69.90 / 50 ml;CHF 139.80 / 100 ml;
Armani;Code Femme;Eau de Parfum;CHF 52.90 / 30 ml;CHF 176.33 / 100 ml;CHF 80.90 / 30 ml
Ariana Grande;Sweet Like Candy;Eau de Parfum;CHF 47.90 / 100 ml;CHF 47.90 / 100 ml;CHF 59.90 / 100 ml
Hugo Boss;Das Duft-Trio;Eau de Parfum;CHF 44.90 / 50 ml;CHF 89.80 / 100 ml;CHF 102.00 / 50 ml
Armani;Emporio Armani;Eau de Parfum;CHF 69.90 / 50 ml;CHF 139.80 / 100 ml;CHF 95.90 / 50 ml
Armani;Acqua di Gioia;Eau de Parfum;CHF 66.90 / 100 ml;CHF 66.90 / 100 ml;CHF 130.00 / 100 ml
Jil Sander;Sun;Eau de Toilette;CHF 29.90 / 75 ml;CHF 39.87 / 100 ml;CHF 60.90 / 75 ml
Armani;Sì;Eau de Parfum;CHF 94.90 / 50 ml;CHF 189.80 / 100 ml;CHF 129.00 / 50 ml
Yves Saint Laurent;Black Opium;Eau de Parfum;CHF 94.90 / 30 ml;CHF 316.33 / 100 ml;
Lancaster;Bath & Hair;Eau de Toilette;CHF 35.90 / 50 ml;CHF 71.80 / 100 ml;CHF 40.90 / 50 ml
BURBERRY;Burberry Her;Eau de Parfum;CHF 84.90 / 50 ml;CHF 169.80 / 100 ml;CHF 110.00 / 50 ml
Ariana Grande;Moonlight;Eau de Parfum;CHF 47.90 / 50 ml;CHF 95.80 / 100 ml;
Tom Ford;Private Blend Düfte;Eau de Parfum;CHF 486.00 / 100 ml;CHF 486.00 / 100 ml;
Guerlain;Mon Guerlain;Eau de Parfum;CHF 72.90 / 30 ml;CHF 243.00 / 100 ml;
Michael Kors;Damendüfte;Eau de Parfum;CHF 92.90 / 50 ml;CHF 185.80 / 100 ml;CHF 96.90 / 50 ml
Michael Kors;Damendüfte;Eau de Parfum;CHF 60.90 / 100 ml;CHF 60.90 / 100 ml;CHF 132.00 / 100 ml
Tom Ford;Private Blend Düfte;Eau de Parfum;CHF 191.00 / 50 ml;CHF 382.00 / 100 ml;
Tom Ford;Damen Signature Düfte;Eau de Parfum;CHF 78.90 / 50 ml;CHF 157.80 / 100 ml;
BVLGARI;Eau Parfumée au thé blanc;Eau de Cologne;CHF 89.90 / 75 ml;CHF 119.87 / 100 ml;
Jean Paul Gaultier;La Belle;Eau de Parfum;CHF 161.00 / 100 ml;CHF 161.00 / 100 ml;
Armani;Sì;Eau de Parfum;CHF 42.90 / 30 ml;CHF 143.00 / 100 ml;CHF 86.90 / 30 ml
Hugo Boss;Boss Alive;Eau de Parfum;CHF 83.90 / 30 ml;CHF 279.67 / 100 ml;
Lancôme;Sets;Duftset;CHF 46.90 / 1 pieces;CHF 46.90 / 1 pieces;CHF 63.90 / 1 pieces
DIOR;Miss Dior;Eau de Toilette;CHF 156.00 / 100 ml;CHF 156.00 / 100 ml;
Lancôme;Sets;Duftset;CHF 58.90 / 1 pieces;CHF 58.90 / 1 pieces;
Dolce&Gabbana;The Only One;Eau de Parfum;CHF 170.00 / 100 ml;CHF 170.00 / 100 ml;
Lancôme;La Nuit Trésor;Eau de Toilette;CHF 68.90 / 30 ml;CHF 229.67 / 100 ml;
Zadig & Voltaire;This is Her;Eau de Parfum;CHF 122.00 / 100 ml;CHF 122.00 / 100 ml;
Lancôme;La vie est belle;Eau de Parfum;CHF 89.90 / 75 ml;CHF 119.87 / 100 ml;CHF 157.00 / 75 ml
Yves Saint Laurent;Black Opium;Eau de Parfum;CHF 45.90 / 30 ml;CHF 153.00 / 100 ml;CHF 97.90 / 30 ml
Yves Saint Laurent;Libre;Eau de Parfum;CHF 56.90 / 30 ml;CHF 189.67 / 100 ml;CHF 97.90 / 30 ml
Armani;Sì;Eau de Parfum;CHF 83.90 / 100 ml;CHF 83.90 / 100 ml;CHF 163.00 / 100 ml
Lancôme;Idôle;Eau de Parfum;CHF 46.90 / 25 ml;CHF 187.60 / 100 ml;CHF 85.90 / 25 ml
DIOR;Poison;Eau de Toilette;CHF 54.90 / 30 ml;CHF 183.00 / 100 ml;
Lancôme;La Nuit Trésor;Eau de Parfum;CHF 100.00 / 75 ml;CHF 133.33 / 100 ml;CHF 157.00 / 75 ml
Chloé;Chloé;Eau de Parfum;CHF 53.90 / 50 ml;CHF 107.80 / 100 ml;CHF 129.00 / 50 ml
Tom Ford;Private Blend Düfte;Eau de Parfum;CHF 164.00 / 50 ml;CHF 328.00 / 100 ml;
BURBERRY;My Burberry;Eau de Parfum;CHF 105.00 / 50 ml;CHF 210.00 / 100 ml;
Rituals;Damen;Eau de Parfum;CHF 59.90 / 60 ml;CHF 99.83 / 100 ml;
Ariana Grande;Ari;Eau de Parfum;CHF 40.90 / 50 ml;CHF 81.80 / 100 ml;CHF 49.90 / 50 ml
Ariana Grande;Cloud;Eau de Parfum;CHF 39.90 / 30 ml;CHF 133.00 / 100 ml;
Tom Ford;Private Blend Düfte;Eau de Parfum;CHF 99.90 / 30 ml;CHF 333.00 / 100 ml;
Paco Rabanne;Lady Million;Eau de Parfum;CHF 42.90 / 30 ml;CHF 143.00 / 100 ml;CHF 77.90 / 30 ml
DIOR;J’adore;Eau de Parfum;CHF 124.00 / 50 ml;CHF 248.00 / 100 ml;
Shirin David;Shirin David;Eau de Parfum;CHF 24.90 / 30 ml;CHF 83.00 / 100 ml;
Valentino;Born In Roma Donna;Eau de Parfum;CHF 67.90 / 30 ml;CHF 226.33 / 100 ml;CHF 92.90 / 30 ml
Hugo Boss;Das Duft-Trio;Eau de Parfum;CHF 47.90 / 75 ml;CHF 63.87 / 100 ml;CHF 126.00 / 75 ml
Hugo Boss;The Scent For Her;Eau de Parfum;CHF 84.90 / 30 ml;CHF 283.00 / 100 ml;
Carolina Herrera;Good Girl;Eau de Parfum;CHF 69.90 / 50 ml;CHF 139.80 / 100 ml;
Armani;Code Femme;Eau de Parfum;CHF 52.90 / 30 ml;CHF 176.33 / 100 ml;CHF 80.90 / 30 ml
Ariana Grande;Sweet Like Candy;Eau de Parfum;CHF 47.90 / 100 ml;CHF 47.90 / 100 ml;CHF 59.90 / 100 ml
Hugo Boss;Das Duft-Trio;Eau de Parfum;CHF 44.90 / 50 ml;CHF 89.80 / 100 ml;CHF 102.00 / 50 ml
Armani;Emporio Armani;Eau de Parfum;CHF 69.90 / 50 ml;CHF 139.80 / 100 ml;CHF 95.90 / 50 ml
Armani;Acqua di Gioia;Eau de Parfum;CHF 66.90 / 100 ml;CHF 66.90 / 100 ml;CHF 130.00 / 100 ml
Jil Sander;Sun;Eau de Toilette;CHF 29.90 / 75 ml;CHF 39.87 / 100 ml;CHF 60.90 / 75 ml
Armani;Sì;Eau de Parfum;CHF 94.90 / 50 ml;CHF 189.80 / 100 ml;CHF 129.00 / 50 ml
Yves Saint Laurent;Black Opium;Eau de Parfum;CHF 94.90 / 30 ml;CHF 316.33 / 100 ml;
Lancaster;Bath & Hair;Eau de Toilette;CHF 35.90 / 50 ml;CHF 71.80 / 100 ml;CHF 40.90 / 50 ml
BURBERRY;Burberry Her;Eau de Parfum;CHF 84.90 / 50 ml;CHF 169.80 / 100 ml;CHF 110.00 / 50 ml
Ariana Grande;Moonlight;Eau de Parfum;CHF 47.90 / 50 ml;CHF 95.80 / 100 ml;
Tom Ford;Private Blend Düfte;Eau de Parfum;CHF 486.00 / 100 ml;CHF 486.00 / 100 ml;
Guerlain;Mon Guerlain;Eau de Parfum;CHF 72.90 / 30 ml;CHF 243.00 / 100 ml;
Michael Kors;Damendüfte;Eau de Parfum;CHF 92.90 / 50 ml;CHF 185.80 / 100 ml;CHF 96.90 / 50 ml
Michael Kors;Damendüfte;Eau de Parfum;CHF 60.90 / 100 ml;CHF 60.90 / 100 ml;CHF 132.00 / 100 ml
Tom Ford;Private Blend Düfte;Eau de Parfum;CHF 191.00 / 50 ml;CHF 382.00 / 100 ml;
Tom Ford;Damen Signature Düfte;Eau de Parfum;CHF 78.90 / 50 ml;CHF 157.80 / 100 ml;
BVLGARI;Eau Parfumée au thé blanc;Eau de Cologne;CHF 89.90 / 75 ml;CHF 119.87 / 100 ml;
Jean Paul Gaultier;La Belle;Eau de Parfum;CHF 161.00 / 100 ml;CHF 161.00 / 100 ml;
Armani;Sì;Eau de Parfum;CHF 42.90 / 30 ml;CHF 143.00 / 100 ml;CHF 86.90 / 30 ml
Hugo Boss;Boss Alive;Eau de Parfum;CHF 83.90 / 30 ml;CHF 279.67 / 100 ml;
Lancôme;Sets;Duftset;CHF 46.90 / 1 pieces;CHF 46.90 / 1 pieces;CHF 63.90 / 1 pieces
DIOR;Miss Dior;Eau de Toilette;CHF 156.00 / 100 ml;CHF 156.00 / 100 ml;
Lancôme;Sets;Duftset;CHF 58.90 / 1 pieces;CHF 58.90 / 1 pieces;
Dolce&Gabbana;The Only One;Eau de Parfum;CHF 170.00 / 100 ml;CHF 170.00 / 100 ml;
Lancôme;La Nuit Trésor;Eau de Toilette;CHF 68.90 / 30 ml;CHF 229.67 / 100 ml;
Zadig & Voltaire;This is Her;Eau de Parfum;CHF 122.00 / 100 ml;CHF 122.00 / 100 ml;
Lancôme;La vie est belle;Eau de Parfum;CHF 89.90 / 75 ml;CHF 119.87 / 100 ml;CHF 157.00 / 75 ml
Yves Saint Laurent;Black Opium;Eau de Parfum;CHF 45.90 / 30 ml;CHF 153.00 / 100 ml;CHF 97.90 / 30 ml
Yves Saint Laurent;Libre;Eau de Parfum;CHF 56.90 / 30 ml;CHF 189.67 / 100 ml;CHF 97.90 / 30 ml
Armani;Sì;Eau de Parfum;CHF 83.90 / 100 ml;CHF 83.90 / 100 ml;CHF 163.00 / 100 ml
Lancôme;Idôle;Eau de Parfum;CHF 46.90 / 25 ml;CHF 187.60 / 100 ml;CHF 85.90 / 25 ml
DIOR;Poison;Eau de Toilette;CHF 54.90 / 30 ml;CHF 183.00 / 100 ml;
Lancôme;La Nuit Trésor;Eau de Parfum;CHF 100.00 / 75 ml;CHF 133.33 / 100 ml;CHF 157.00 / 75 ml
Chloé;Chloé;Eau de Parfum;CHF 53.90 / 50 ml;CHF 107.80 / 100 ml;CHF 129.00 / 50 ml
Tom Ford;Private Blend Düfte;Eau de Parfum;CHF 164.00 / 50 ml;CHF 328.00 / 100 ml;
BURBERRY;My Burberry;Eau de Parfum;CHF 105.00 / 50 ml;CHF 210.00 / 100 ml;
Rituals;Damen;Eau de Parfum;CHF 59.90 / 60 ml;CHF 99.83 / 100 ml;
Ariana Grande;Ari;Eau de Parfum;CHF 40.90 / 50 ml;CHF 81.80 / 100 ml;CHF 49.90 / 50 ml
Ariana Grande;Cloud;Eau de Parfum;CHF 39.90 / 30 ml;CHF 133.00 / 100 ml;
Tom Ford;Private Blend Düfte;Eau de Parfum;CHF 99.90 / 30 ml;CHF 333.00 / 100 ml;
Paco Rabanne;Lady Million;Eau de Parfum;CHF 42.90 / 30 ml;CHF 143.00 / 100 ml;CHF 77.90 / 30 ml
DIOR;J’adore;Eau de Parfum;CHF 124.00 / 50 ml;CHF 248.00 / 100 ml;
Shirin David;Shirin David;Eau de Parfum;CHF 24.90 / 30 ml;CHF 83.00 / 100 ml;
Valentino;Born In Roma Donna;Eau de Parfum;CHF 67.90 / 30 ml;CHF 226.33 / 100 ml;CHF 92.90 / 30 ml
Hugo Boss;Das Duft-Trio;Eau de Parfum;CHF 47.90 / 75 ml;CHF 63.87 / 100 ml;CHF 126.00 / 75 ml
Hugo Boss;The Scent For Her;Eau de Parfum;CHF 84.90 / 30 ml;CHF 283.00 / 100 ml;
Carolina Herrera;Good Girl;Eau de Parfum;CHF 69.90 / 50 ml;CHF 139.80 / 100 ml;
Armani;Code Femme;Eau de Parfum;CHF 52.90 / 30 ml;CHF 176.33 / 100 ml;CHF 80.90 / 30 ml
Ariana Grande;Sweet Like Candy;Eau de Parfum;CHF 47.90 / 100 ml;CHF 47.90 / 100 ml;CHF 59.90 / 100 ml
Hugo Boss;Das Duft-Trio;Eau de Parfum;CHF 44.90 / 50 ml;CHF 89.80 / 100 ml;CHF 102.00 / 50 ml
Armani;Emporio Armani;Eau de Parfum;CHF 69.90 / 50 ml;CHF 139.80 / 100 ml;CHF 95.90 / 50 ml
Armani;Acqua di Gioia;Eau de Parfum;CHF 66.90 / 100 ml;CHF 66.90 / 100 ml;CHF 130.00 / 100 ml
Jil Sander;Sun;Eau de Toilette;CHF 29.90 / 75 ml;CHF 39.87 / 100 ml;CHF 60.90 / 75 ml
Armani;Sì;Eau de Parfum;CHF 94.90 / 50 ml;CHF 189.80 / 100 ml;CHF 129.00 / 50 ml
Yves Saint Laurent;Black Opium;Eau de Parfum;CHF 94.90 / 30 ml;CHF 316.33 / 100 ml;
Lancaster;Bath & Hair;Eau de Toilette;CHF 35.90 / 50 ml;CHF 71.80 / 100 ml;CHF 40.90 / 50 ml
BURBERRY;Burberry Her;Eau de Parfum;CHF 84.90 / 50 ml;CHF 169.80 / 100 ml;CHF 110.00 / 50 ml
Ariana Grande;Moonlight;Eau de Parfum;CHF 47.90 / 50 ml;CHF 95.80 / 100 ml;
Tom Ford;Private Blend Düfte;Eau de Parfum;CHF 486.00 / 100 ml;CHF 486.00 / 100 ml;
Guerlain;Mon Guerlain;Eau de Parfum;CHF 72.90 / 30 ml;CHF 243.00 / 100 ml;
Michael Kors;Damendüfte;Eau de Parfum;CHF 92.90 / 50 ml;CHF 185.80 / 100 ml;CHF 96.90 / 50 ml
Michael Kors;Damendüfte;Eau de Parfum;CHF 60.90 / 100 ml;CHF 60.90 / 100 ml;CHF 132.00 / 100 ml
Tom Ford;Private Blend Düfte;Eau de Parfum;CHF 191.00 / 50 ml;CHF 382.00 / 100 ml;
Tom Ford;Damen Signature Düfte;Eau de Parfum;CHF 78.90 / 50 ml;CHF 157.80 / 100 ml;
BVLGARI;Eau Parfumée au thé blanc;Eau de Cologne;CHF 89.90 / 75 ml;CHF 119.87 / 100 ml;
Jean Paul Gaultier;La Belle;Eau de Parfum;CHF 161.00 / 100 ml;CHF 161.00 / 100 ml;
Armani;Sì;Eau de Parfum;CHF 42.90 / 30 ml;CHF 143.00 / 100 ml;CHF 86.90 / 30 ml
Hugo Boss;Boss Alive;Eau de Parfum;CHF 83.90 / 30 ml;CHF 279.67 / 100 ml;
Lancôme;Sets;Duftset;CHF 46.90 / 1 pieces;CHF 46.90 / 1 pieces;CHF 63.90 / 1 pieces
DIOR;Miss Dior;Eau de Toilette;CHF 156.00 / 100 ml;CHF 156.00 / 100 ml;
Lancôme;Sets;Duftset;CHF 58.90 / 1 pieces;CHF 58.90 / 1 pieces;
Dolce&Gabbana;The Only One;Eau de Parfum;CHF 170.00 / 100 ml;CHF 170.00 / 100 ml;
Lancôme;La Nuit Trésor;Eau de Toilette;CHF 68.90 / 30 ml;CHF 229.67 / 100 ml;
Zadig & Voltaire;This is Her;Eau de Parfum;CHF 122.00 / 100 ml;CHF 122.00 / 100 ml;
Lancôme;La vie est belle;Eau de Parfum;CHF 89.90 / 75 ml;CHF 119.87 / 100 ml;CHF 157.00 / 75 ml
Yves Saint Laurent;Black Opium;Eau de Parfum;CHF 45.90 / 30 ml;CHF 153.00 / 100 ml;CHF 97.90 / 30 ml
Yves Saint Laurent;Libre;Eau de Parfum;CHF 56.90 / 30 ml;CHF 189.67 / 100 ml;CHF 97.90 / 30 ml
Armani;Sì;Eau de Parfum;CHF 83.90 / 100 ml;CHF 83.90 / 100 ml;CHF 163.00 / 100 ml
Lancôme;Idôle;Eau de Parfum;CHF 46.90 / 25 ml;CHF 187.60 / 100 ml;CHF 85.90 / 25 ml
DIOR;Poison;Eau de Toilette;CHF 54.90 / 30 ml;CHF 183.00 / 100 ml;
Lancôme;La Nuit Trésor;Eau de Parfum;CHF 100.00 / 75 ml;CHF 133.33 / 100 ml;CHF 157.00 / 75 ml
Chloé;Chloé;Eau de Parfum;CHF 53.90 / 50 ml;CHF 107.80 / 100 ml;CHF 129.00 / 50 ml
Tom Ford;Private Blend Düfte;Eau de Parfum;CHF 164.00 / 50 ml;CHF 328.00 / 100 ml;
BURBERRY;My Burberry;Eau de Parfum;CHF 105.00 / 50 ml;CHF 210.00 / 100 ml;
Rituals;Damen;Eau de Parfum;CHF 59.90 / 60 ml;CHF 99.83 / 100 ml;
Ariana Grande;Ari;Eau de Parfum;CHF 40.90 / 50 ml;CHF 81.80 / 100 ml;CHF 49.90 / 50 ml
Ariana Grande;Cloud;Eau de Parfum;CHF 39.90 / 30 ml;CHF 133.00 / 100 ml;
Tom Ford;Private Blend Düfte;Eau de Parfum;CHF 99.90 / 30 ml;CHF 333.00 / 100 ml;
Paco Rabanne;Lady Million;Eau de Parfum;CHF 42.90 / 30 ml;CHF 143.00 / 100 ml;CHF 77.90 / 30 ml
DIOR;J’adore;Eau de Parfum;CHF 124.00 / 50 ml;CHF 248.00 / 100 ml;
Shirin David;Shirin David;Eau de Parfum;CHF 24.90 / 30 ml;CHF 83.00 / 100 ml;
Valentino;Born In Roma Donna;Eau de Parfum;CHF 67.90 / 30 ml;CHF 226.33 / 100 ml;CHF 92.90 / 30 ml
Hugo Boss;Das Duft-Trio;Eau de Parfum;CHF 47.90 / 75 ml;CHF 63.87 / 100 ml;CHF 126.00 / 75 ml
Hugo Boss;The Scent For Her;Eau de Parfum;CHF 84.90 / 30 ml;CHF 283.00 / 100 ml;
Carolina Herrera;Good Girl;Eau de Parfum;CHF 69.90 / 50 ml;CHF 139.80 / 100 ml;
Armani;Code Femme;Eau de Parfum;CHF 52.90 / 30 ml;CHF 176.33 / 100 ml;CHF 80.90 / 30 ml
Ariana Grande;Sweet Like Candy;Eau de Parfum;CHF 47.90 / 100 ml;CHF 47.90 / 100 ml;CHF 59.90 / 100 ml
Hugo Boss;Das Duft-Trio;Eau de Parfum;CHF 44.90 / 50 ml;CHF 89.80 / 100 ml;CHF 102.00 / 50 ml
Armani;Emporio Armani;Eau de Parfum;CHF 69.90 / 50 ml;CHF 139.80 / 100 ml;CHF 95.90 / 50 ml
Armani;Acqua di Gioia;Eau de Parfum;CHF 66.90 / 100 ml;CHF 66.90 / 100 ml;CHF 130.00 / 100 ml
Jil Sander;Sun;Eau de Toilette;CHF 29.90 / 75 ml;CHF 39.87 / 100 ml;CHF 60.90 / 75 ml
Armani;Sì;Eau de Parfum;CHF 94.90 / 50 ml;CHF 189.80 / 100 ml;CHF 129.00 / 50 ml
Yves Saint Laurent;Black Opium;Eau de Parfum;CHF 94.90 / 30 ml;CHF 316.33 / 100 ml;
Lancaster;Bath & Hair;Eau de Toilette;CHF 35.90 / 50 ml;CHF 71.80 / 100 ml;CHF 40.90 / 50 ml
BURBERRY;Burberry Her;Eau de Parfum;CHF 84.90 / 50 ml;CHF 169.80 / 100 ml;CHF 110.00 / 50 ml
Ariana Grande;Moonlight;Eau de Parfum;CHF 47.90 / 50 ml;CHF 95.80 / 100 ml;
Tom Ford;Private Blend Düfte;Eau de Parfum;CHF 486.00 / 100 ml;CHF 486.00 / 100 ml;
Guerlain;Mon Guerlain;Eau de Parfum;CHF 72.90 / 30 ml;CHF 243.00 / 100 ml;
Michael Kors;Damendüfte;Eau de Parfum;CHF 92.90 / 50 ml;CHF 185.80 / 100 ml;CHF 96.90 / 50 ml
Michael Kors;Damendüfte;Eau de Parfum;CHF 60.90 / 100 ml;CHF 60.90 / 100 ml;CHF 132.00 / 100 ml
Tom Ford;Private Blend Düfte;Eau de Parfum;CHF 191.00 / 50 ml;CHF 382.00 / 100 ml;
Tom Ford;Damen Signature Düfte;Eau de Parfum;CHF 78.90 / 50 ml;CHF 157.80 / 100 ml;
BVLGARI;Eau Parfumée au thé blanc;Eau de Cologne;CHF 89.90 / 75 ml;CHF 119.87 / 100 ml;
Jean Paul Gaultier;La Belle;Eau de Parfum;CHF 161.00 / 100 ml;CHF 161.00 / 100 ml;
Armani;Sì;Eau de Parfum;CHF 42.90 / 30 ml;CHF 143.00 / 100 ml;CHF 86.90 / 30 ml
Hugo Boss;Boss Alive;Eau de Parfum;CHF 83.90 / 30 ml;CHF 279.67 / 100 ml;
Lancôme;Sets;Duftset;CHF 46.90 / 1 pieces;CHF 46.90 / 1 pieces;CHF 63.90 / 1 pieces
DIOR;Miss Dior;Eau de Toilette;CHF 156.00 / 100 ml;CHF 156.00 / 100 ml;
Lancôme;Sets;Duftset;CHF 58.90 / 1 pieces;CHF 58.90 / 1 pieces;
Dolce&Gabbana;The Only One;Eau de Parfum;CHF 170.00 / 100 ml;CHF 170.00 / 100 ml;
Lancôme;La Nuit Trésor;Eau de Toilette;CHF 68.90 / 30 ml;CHF 229.67 / 100 ml;
Zadig & Voltaire;This is Her;Eau de Parfum;CHF 122.00 / 100 ml;CHF 122.00 / 100 ml;
Lancôme;La vie est belle;Eau de Parfum;CHF 89.90 / 75 ml;CHF 119.87 / 100 ml;CHF 157.00 / 75 ml
Yves Saint Laurent;Black Opium;Eau de Parfum;CHF 45.90 / 30 ml;CHF 153.00 / 100 ml;CHF 97.90 / 30 ml
Yves Saint Laurent;Libre;Eau de Parfum;CHF 56.90 / 30 ml;CHF 189.67 / 100 ml;CHF 97.90 / 30 ml
Armani;Sì;Eau de Parfum;CHF 83.90 / 100 ml;CHF 83.90 / 100 ml;CHF 163.00 / 100 ml
Lancôme;Idôle;Eau de Parfum;CHF 46.90 / 25 ml;CHF 187.60 / 100 ml;CHF 85.90 / 25 ml
DIOR;Poison;Eau de Toilette;CHF 54.90 / 30 ml;CHF 183.00 / 100 ml;
Lancôme;La Nuit Trésor;Eau de Parfum;CHF 100.00 / 75 ml;CHF 133.33 / 100 ml;CHF 157.00 / 75 ml
Chloé;Chloé;Eau de Parfum;CHF 53.90 / 50 ml;CHF 107.80 / 100 ml;CHF 129.00 / 50 ml
Tom Ford;Private Blend Düfte;Eau de Parfum;CHF 164.00 / 50 ml;CHF 328.00 / 100 ml;
BURBERRY;My Burberry;Eau de Parfum;CHF 105.00 / 50 ml;CHF 210.00 / 100 ml;
Rituals;Damen;Eau de Parfum;CHF 59.90 / 60 ml;CHF 99.83 / 100 ml;
Ariana Grande;Ari;Eau de Parfum;CHF 40.90 / 50 ml;CHF 81.80 / 100 ml;CHF 49.90 / 50 ml
Ariana Grande;Cloud;Eau de Parfum;CHF 39.90 / 30 ml;CHF 133.00 / 100 ml;
Tom Ford;Private Blend Düfte;Eau de Parfum;CHF 99.90 / 30 ml;CHF 333.00 / 100 ml;
Paco Rabanne;Lady Million;Eau de Parfum;CHF 42.90 / 30 ml;CHF 143.00 / 100 ml;CHF 77.90 / 30 ml
DIOR;J’adore;Eau de Parfum;CHF 124.00 / 50 ml;CHF 248.00 / 100 ml;
Shirin David;Shirin David;Eau de Parfum;CHF 24.90 / 30 ml;CHF 83.00 / 100 ml;
Valentino;Born In Roma Donna;Eau de Parfum;CHF 67.90 / 30 ml;CHF 226.33 / 100 ml;CHF 92.90 / 30 ml
Hugo Boss;Das Duft-Trio;Eau de Parfum;CHF 47.90 / 75 ml;CHF 63.87 / 100 ml;CHF 126.00 / 75 ml
Hugo Boss;The Scent For Her;Eau de Parfum;CHF 84.90 / 30 ml;CHF 283.00 / 100 ml;
Carolina Herrera;Good Girl;Eau de Parfum;CHF 69.90 / 50 ml;CHF 139.80 / 100 ml;
Armani;Code Femme;Eau de Parfum;CHF 52.90 / 30 ml;CHF 176.33 / 100 ml;CHF 80.90 / 30 ml
Ariana Grande;Sweet Like Candy;Eau de Parfum;CHF 47.90 / 100 ml;CHF 47.90 / 100 ml;CHF 59.90 / 100 ml
Hugo Boss;Das Duft-Trio;Eau de Parfum;CHF 44.90 / 50 ml;CHF 89.80 / 100 ml;CHF 102.00 / 50 ml
Armani;Emporio Armani;Eau de Parfum;CHF 69.90 / 50 ml;CHF 139.80 / 100 ml;CHF 95.90 / 50 ml
Armani;Acqua di Gioia;Eau de Parfum;CHF 66.90 / 100 ml;CHF 66.90 / 100 ml;CHF 130.00 / 100 ml
Jil Sander;Sun;Eau de Toilette;CHF 29.90 / 75 ml;CHF 39.87 / 100 ml;CHF 60.90 / 75 ml
Armani;Sì;Eau de Parfum;CHF 94.90 / 50 ml;CHF 189.80 / 100 ml;CHF 129.00 / 50 ml
Yves Saint Laurent;Black Opium;Eau de Parfum;CHF 94.90 / 30 ml;CHF 316.33 / 100 ml;
Lancaster;Bath & Hair;Eau de Toilette;CHF 35.90 / 50 ml;CHF 71.80 / 100 ml;CHF 40.90 / 50 ml
BURBERRY;Burberry Her;Eau de Parfum;CHF 84.90 / 50 ml;CHF 169.80 / 100 ml;CHF 110.00 / 50 ml
Ariana Grande;Moonlight;Eau de Parfum;CHF 47.90 / 50 ml;CHF 95.80 / 100 ml;
Tom Ford;Private Blend Düfte;Eau de Parfum;CHF 486.00 / 100 ml;CHF 486.00 / 100 ml;
Guerlain;Mon Guerlain;Eau de Parfum;CHF 72.90 / 30 ml;CHF 243.00 / 100 ml;
Michael Kors;Damendüfte;Eau de Parfum;CHF 92.90 / 50 ml;CHF 185.80 / 100 ml;CHF 96.90 / 50 ml
Michael Kors;Damendüfte;Eau de Parfum;CHF 60.90 / 100 ml;CHF 60.90 / 100 ml;CHF 132.00 / 100 ml
Tom Ford;Private Blend Düfte;Eau de Parfum;CHF 191.00 / 50 ml;CHF 382.00 / 100 ml;
Tom Ford;Damen Signature Düfte;Eau de Parfum;CHF 78.90 / 50 ml;CHF 157.80 / 100 ml;
BVLGARI;Eau Parfumée au thé blanc;Eau de Cologne;CHF 89.90 / 75 ml;CHF 119.87 / 100 ml;
Jean Paul Gaultier;La Belle;Eau de Parfum;CHF 161.00 / 100 ml;CHF 161.00 / 100 ml;
Armani;Sì;Eau de Parfum;CHF 42.90 / 30 ml;CHF 143.00 / 100 ml;CHF 86.90 / 30 ml
